2900 4759
408 231 495 298 30
532 176 543 190 t

562 395 935 480 ''Pria-sunt,
990 419 1145 482 quae
1192 403 1476 467 Socrates
1520 420 1644 466 non
1692 405 1965 484 exposite
2015 403 2258 484 quidem
2299 411 2361 467 et
2401 410 2609 485 aperte

410 513 618 577 docuit
658 516 1066 573 verumtamen
1112 511 1304 573 sensit
1344 513 1404 574 in
1450 529 1681 574 summo
1725 510 1891 572 bono
1936 510 2017 572 ita
2071 513 2390 594 conjuncta
2441 528 2607 589 essa,

404 628 472 684 ut
513 618 677 683 nulio
722 636 802 680 ex
843 615 1235 695 hisoptinms
1290 617 1448 679 vitae
1494 623 1683 680 status
1725 623 1936 697 posset
1991 633 2230 681 carere:
2283 618 2609 697 sapien-

404 728 541 805 tia,
585 726 859 799 virtus,
900 722 1275 803 voluptas.
1343 723 1538 797 Quum
1579 739 1754 801 vero,
1799 723 2106 804 quomodo
2149 723 2304 786 haec
2341 723 2500 786 inter
2538 741 2610 786 se

374 850 689 896 rconnexa
731 833 960 907 essent,
1007 845 1126 892 nec
1172 830 1319 893 satis
1365 829 1530 892 clare
1575 831 1880 913 cognitum
1903 821 2164 893 ‘haberet
2200 849 2319 893 nec
2349 846 2611 910 unquam

402 940 647 1002 ‘disertis
690 937 893 1014 verbis
938 938 1387 1016 pronuntiaret,
1442 936 1557 999 sed
1600 938 1661 998 in
1705 937 1888 999 variis
1932 938 2057 1001 suis
2113 937 2611 1018 disputationibus

402 1047 587 1109 modo
630 1043 750 1107 hoc
792 1044 977 1107 modo
1020 1043 1164 1107 illud
1198 1045 1414 1126 majori
1459 1062 1593 1106 cum
1627 1042 1809 1105 lande
1844 1043 2190 1125 attingeret,
2231 1043 2451 1106 factum
2496 1049 2610 1120 est,

402 1159 466 1214 ut
511 1150 784 1231 discipuli
826 1166 937 1231 pro
995 1141 1127 1213 sua‘
1163 1152 1418 1230 quisque
1471 1155 1684 1212 natura
1729 1156 1790 1211 et
1831 1148 2039 1212 indole
2083 1145 2234 1213 alius
2288 1148 2448 1212 aliud
2491 1165 2611 1230 ap—

399 1257 878 1339 prehenderent,
926 1264 987 1320 et
1032 1276 1210 1338 quum
1254 1263 1568 1321 tuerentur
1609 1262 1873 1335 partem,
1918 1261 2102 1317 totam
2145 1257 2415 1339 magistri
2457 1273 2611 1319 sen-

367 1365 649 1426 -tentiam
695 1364 940 1444 assequi
982 1364 1097 1428 sihi
1142 1362 1514 1425 viderentur.
1559 1361 1820 1422 Maxime
1864 1361 2106 1441 quidem
2150 1362 2224 1438 ab
2269 1362 2385 1425 hac
2415 1361 2612 1425 aliena

402 1488 548 1534 esse
607 1470 848 1532 videtur
903 1470 1178 1532 doctrina
1229 1469 1515 1549 Aristippi
1570 1468 1630 1528 in
1685 1467 1991 1547 voluptate
2043 1487 2334 1532 summam
2385 1468 2613 1532 bonum

400 1578 720 1658 ponentis,
781 1577 939 1656 quia*
961 1576 1139 1657 hujus
1192 1575 1370 1637 unius
1416 1591 1497 1635 ex
1536 1575 1650 1640 illis
1698 1576 1888 1639 trihus
1929 1576 2114 1638 rebus
2155 1575 2459 1638 minimam
2497 1593 2612 1636 ¹re·-

401 1689 671 1763 spectum
716 1681 917 1744 habuit
962 1681 1277 1757 SocrateS‚
1337 1682 1590 1762 ejusque
1636 1690 1880 1745 sanctus
1926 1684 2156 1744 animus
2200 1700 2235 1743 a
2277 1681 2609 1761 patrocinio

399 1789 501 1852 illo
545 1789 864 1869 voluptatis
913 1787 1268 1871 longissime
1315 1786 1649 1850 abhorruit:
1710 1796 1970 1851 attamen
2027 1795 2151 1866 est,
2210 1787 2373 1868 quod
2413 1787 2606 1868 Cyre-

398 1898 636 1959 naicum
681 1914 814 1958 cum
850 1894 1102 1960 Socrate
1148 1894 1887 2002 conJungatlcausamque
1930 1895 2242 1975 praebeat,
2292 1894 2372 1956 de
2405 1912 2518 1974 qua
2550 1895 2606 1956 is

395 2009 566 2064 recte
610 2001 842 2063 dicatur
885 2001 1247 2065 Socraticus
1339 1999 1484 2061 Tale
1528 2000 1861 2079 vinculum,
1920 2020 2040 2081 quo
2099 2019 2276 2081 quem
2334 2019 2463 2062 cum
2503 1998 2605 2061 fa-

396 2108 553 2171 milia
586 2107 780 2187 aliqua
807 2105 1299 2188 philosophorum
1335 2108 1721 2187 conjunctum
1748 2125 1887 2169 esse
1923 2114 2221 2186 putamus,
2265 2123 2390 2169 non
2420 2124 2608 2186 prae-

393 2214 545 2277 bent
586 2212 824 2295 singula
867 2213 1120 2292 placita,
1174 2211 1286 2273 sed
1342 2230 1553 2274 eorum
1608 2212 1751 2276 fons
1808 2219 1869 2275 ct
1911 2214 2281 2293 principium.
2367 2212 2448 2275 Et
2487 2212 2609 2275 hoc

308 2392 315 2400 ⁸
395 2319 640 2399 quidem
683 2319 845 2381 idem
889 2335 1032 2380 esse
1074 2316 1314 2379 videtur
1354 2319 1417 2379 in
1454 2318 1709 2382 Socrate
1747 2323 1926 2398 atque
1970 2320 2032 2380 in
2075 2320 2360 2399 proximis
2406 2319 2479 2382 ab
2529 2336 2607 2382 eo

396 2427 546 2489 ortis
590 2424 939 2505 disciplinis.
1008 2409 1201 2498 Quum
1248 2425 1404 2485 enim
1451 2424 1735 2488 Socrates
1784 2443 1916 2487 cum
1961 2425 2242 2507 sophistis
2285 2426 2348 2488 id
2388 2424 2610 2487 habeat

395 2525 736 2608 commune,
778 2537 845 2598 ut
889 2531 965 2593 ad
1008 2530 1312 2592 hominem
1349 2531 1601 2612 ejusque
1644 2538 1907 2593 mentem
1944 2532 2221 2595 etvitam
2251 2532 2455 2595 omnia
2494 2548 2605 2592 re-

395 2637 585 2715 ferat,
641 2636 900 2699 maxime
941 2655 1092 2698 vero
1142 2634 1378 2698 differat
1420 2637 1496 2698 ab
1539 2638 1613 2699 iis
1660 2656 1771 2717 eo,
1826 2638 1989 2717 quod
2034 2656 2160 2701 non
2207 2637 2283 2700 ad
2325 2636 2604 2718 singulo-

398 2762 531 2805 rum
575 2742 879 2805 hominum
933 2741 1236 2804 fortuitum
1293 2755 1540 2805 sensnm
1586 2751 1648 2805 et
1689 2741 2104 2824 commodum,
2150 2744 2264 2807 sed
2308 2743 2385 2805 ad
2430 2759 2603 2805 com-

394 2867 637 2912 munem
682 2851 944 2912 omnium
987 2848 1293 2912 hominum
1335 2848 1792 2931 intelligentiam
1830 2856 1890 2912 et
1922 2850 2230 2913 utilitatem
2264 2850 2463 2913 omnia
2494 2867 2614 2911 rem

393 2956 694 3033 vocanda,
735 2954 1023 3036 nullaque
1069 2974 1218 3017 vera
1267 2961 1329 3016 et
1370 2955 1536 3017 bona
1582 2972 1725 3017 esse
1771 2964 2042 3035 censeat,
2086 2957 2202 3018 nisi
2237 2975 2394 3036 qnae
2427 2974 2601 3018 com-

395 3064 561 3124 muni
607 3064 813 3125 sensui
858 3068 919 3124 et
960 3062 1250 3124 voluntati
1293 3060 1740 3140 respondeant,
1785 3064 1844 3123 in
1887 3062 2002 3123 hac
2045 3064 2344 3125 sententia
2390 3079 2599 3125 omnes

394 3169 686 3233 Socratici
732 3187 865 3232 cum
909 3169 1200 3251 magistro
1252 3169 1578 3238 concinunt
1604 3176 1684 3231 ‘et
1729 3189 1762 3231 a
1807 3169 2131 3256 sophistica
2175 3170 2449 3234 doctrina
2491 3187 2599 3230 re-

391 3274 634 3340 cedunt.
734 3274 1044 3336 Dissident
1096 3293 1244 3336 vcro
1313 3273 1471 3335 int‘er
1526 3294 1594 3338 se
1650 3277 1708 3340 in
1767 3296 1843 3344 eo
1900 3277 2280 3356 definiendo,
2346 3276 2509 3360 quod
2562 3294 2601 3337 e

390 3379 692 3444 communi
732 3396 923 3444 sensu
966 3396 1075 3457 pro
1122 3398 1270 3442 vero
1318 3382 1732 3461 accipiendum
1779 3389 1841 3448 et
1885 3389 2184 3463 tamquam
2224 3384 2448 3454 bonum
2483 3401 2596 3462 ap-

388 3486 716 3567 petendum
760 3487 855 3550 sit.
922 3483 1101 3558 Quod
1144 3485 1225 3546 ita
1269 3484 1489 3548 factum
1534 3494 1650 3563 est,
1693 3494 1758 3547 nt
1801 3489 2069 3570 singulas
2113 3496 2338 3551 tantum
2379 3488 2597 3550 huma-

388 3609 507 3655 nae
560 3599 830 3654 naturae
869 3593 1039 3671 quasi
1108 3598 1345 3671 partes,
1416 3611 1591 3671 quam
1650 3594 1932 3658 Socrates
1999 3597 2342 3658 universam
2400 3596 2595 3656 animo

389 3697 696 3779 amplexus
744 3705 892 3776 erat,
938 3697 1087 3759 alius
1135 3698 1308 3760 aliam
1353 3704 1652 3777 tamquam
1695 3715 1871 3761 unam
1919 3702 2133 3765 ducem
2178 3707 2593 3780 sequerentur.

557 3805 748 3879 Quum
801 3807 979 3892 igitur
1030 3803 1211 3867 homo
1280 3806 1531 3890 primum
1586 3806 1661 3868 sit
1716 3808 1932 3875 animal
1988 3807 2258 3874 naturale
2314 3807 2594 3872 sensibus

384 3912 719 3990 praeditum
766 3918 826 3973 et
869 3910 1276 3972 satiandorum
1321 3919 1564 3973 suorum
1610 3914 1959 3980 naturalium
2005 3914 2442 3982 desideriorum
2479 3930 2594 3991 ap-

385 4023 634 4095 petens,
690 4016 848 4084 hanc
898 4019 1086 4078 totam
1141 4033 1283 4082 csse
1326 4015 1586 4084 hominis
1630 4026 1900 4086 naun-am
1951 4021 2208 4099 opinans
2250 4019 2592 4100 Aristip-

383 4138 516 4200 pus
569 4122 712 4184 nihil
765 4120 867 4183 ulli
908 4119 1134 4189 homini
1187 4120 1345 4183 aliud
1400 4141 1608 4190 verum
1666 4141 1854 4203 posse
1895 4126 2086 4191 videri
2134 4126 2426 4208 judicavit
2469 4121 2591 4188 nisi
