2900 4759
689 1153 697 1183 ι
1083 1037 1846 1127 PLAToNrs
2283 1169 2286 1176 .

512 1197 693 1287 ma
755 1201 1215 1332 summo
1276 1204 1632 1292 BoNo
1699 1193 2401 1296 noonNA.

1345 1435 1492 1516 Cap.
1537 1435 1588 1497 Ι,

529 1558 707 1632 Quod
771 1562 1093 1625 universae
1156 1561 1571 1644 philosophiae
1637 1561 1981 1625 Platonicae
2044 1559 2349 1639 tribuitur,
2430 1578 2561 1622 eam

355 1669 656 1744 tamquam
702 1686 885 1731 unum
939 1669 1238 1753 integrum
1295 1686 1514 1750 corpus
1570 1668 1736 1730 varia
1786 1665 2070 1730 'membra
2123 1663 2557 1747 philosophiae,
2623 1659 2630 1666 ’

358 1776 503 1833 ante
556 1781 832 1853 separata
878 1782 938 1838 et
984 1775 1271 1858 disjecta,
1327 1776 1389 1837 in
1434 1793 1508 1838 se
1549 1774 1807 1858 collecta
1866 1780 1929 1836 et
1982 1778 2263 1836 contexta
2321 1779 2556 1851 tenere,

352 1875 418 1939 id
462 1895 640 1958 quum
681 1881 744 1943 in
790 1883 1067 1945 omnibus
1113 1883 1248 1964 ejus
1290 1882 1578 1963 partibus,
1621 1888 1741 1943 tum
1783 1865 1845 1943 in
1891 1880 2182 1943 doctrina·
2208 1880 2286 1941 de
2330 1896 2553 1941 summo

332 1983 520 2050 ,bono
568 1988 956 2070 conspicuum
1001 1996 1113 2052 est.
1199 1986 1348 2049 Nam
1395 2006 1574 2067 quum
1631 1986 2117 2050 antecedentium
2159 1984 2553 2074 philos—opho-

351 2105 485 2152 rum
529 2091 627 2156 alii
669 2077 1034 2176 quaererent
1088 2075 1166 2157 de
1209 2094 1328 2156 fine
1375 2102 1438 2156 et
1481 2095 1733 2159 consilio
1777 2095 1959 2161 totius
2002 2111 2203 2156 rerum
2254 2091 2557 2155 universi-

351 2197 488 2260 tatis
532 2200 815 2284 neglecta
855 2200 1153 2264 humanae
1212 2202 1428 2264 mentis
1477 2209 1537 2265 et
1578 2204 1738 2265 vitae
1783 2199 2305 2279 consideratione,
2350 2199 2445 2262 alii
2494 2197 2557 2279 in

350 2300 468 2365 hac
511 2305 644 2368 sola
684 2314 1003 2371 versantes
1046 2326 1246 2370 rerum
1280 2307 1634 2370 naturalium
1665 2308 2130 2389 investigatione
2164 2305 2407 2369 omnino
2442 2323 2555 2369 su-

352 2410 790 2498 persederent,
835 2415 1004 2479 Plato
1049 2411 1750 2494 utrorumquerationes
1796 2413 2171 2476 consociavit
2212 2411 2558 2495 intelligens

352 2514 609 2584 ethicam
654 2538 689 2581 a
731 2520 978 2602 physica
1025 2538 1150 2582 non
1194 2522 1273 2582 ita
1316 2536 1501 2600 posse
1547 2520 1838 2600 separari,
1879 2525 1964 2598 ut,
2011 2520 2111 2598 qui
2154 2519 2231 2581 sit
2270 2518 2402 2582 finis
2432 2518 2555 2582 ho-

349 2622 495 2684 mini
538 2627 881 2705 propositus
928 2633 990 2688 et
1033 2626 1174 2707 quid
1218 2626 1356 2689 huic
1397 2633 1696 2707 tamquam
1740 2644 2030 2690 summum
2064 2619 2288 2688 Bonum
2325 2625 2401 2688 sit
2436 2644 2554 2687 ex-

355 2728 703 2809 petendum,
751 2750 1134 2814 cognoscere
1175 2733 1377 2813 liceat,
1422 2733 1561 2812 nisi,
1610 2731 1750 2812 quid
1794 2733 1871 2795 sit
1912 2732 1972 2793 in
2010 2733 2171 2794 omni
2203 2749 2404 2793 rerum
2432 2749 2552 2794 na-

350 2838 485 2896 tura
526 2834 789 2917 bonum,
843 2840 1147 2920 totiusque
1190 2839 1395 2903 mundi
1450 2838 1765 2903 consilium
1810 2837 2156 2918 exploretur
2186 2842 2271 2912 ¹).
2355 2836 2553 2902 Homo

351 2942 545 3022 enim,
597 2944 678 3006 ait
721 2943 856 3026 ille,
910 2945 1053 3009 nihil
1098 2948 1213 3010 nisi
1254 2965 1395 3027 pars
1438 2964 1560 3009 una
1605 2952 1700 3009 est
1741 2944 2143 3008 universitatis
2186 2962 2420 3024 rerum,
2475 2944 2554 3008 ad

347 3044 506 3111 hanc
550 3068 794 3131 semper
824 3059 1104 3134 spectans
1143 3060 1204 3116 et
1237 3051 1530 3117 tendens:
1576 3070 1649 3113 ac
1684 3069 1862 3131 quum
1897 3049 2097 3118 omnia
2132 3049 2368 3133 singula
2397 3050 2551 3114 illius

348 3154 615 3219 universi
658 3160 849 3241 gratia
893 3161 1010 3222 sint
1052 3166 1346 3243 generata
1389 3164 1451 3221 et
1496 3158 1836 3236 constituta,
1879 3162 1943 3219 ut
1976 3155 2098 3218 hoc
2136 3141 2299 3219 hene
2329 3174 2399 3219 se
2431 3155 2550 3219 ha-

347 3257 494 3322 heat
537 3267 598 3323 et
640 3264 719 3326 ad
762 3265 1096 3345 perfectum
1129 3266 1494 3345 beatumque
1539 3271 1753 3327 statum
1787 3262 2121 3343 perveniat,
2165 3260 2438 3325 homines
2478 3280 2585 3324 ea.

347 3363 493 3448 lege
535 3368 658 3430 nati
700 3376 868 3449 sunt,
922 3377 986 3432 ut
1028 3389 1137 3451 pro
1184 3390 1293 3434 sua
1338 3372 1592 3451 quisque
1623 3341 1807 3449 'parte
1849 3365 1912 3428 id
1957 3372 2159 3448 agant,
2203 3366 2363 3447 quod
2408 3367 2552 3430 uni-

350 3473 516 3537 versi
557 3475 822 3556 requirat
865 3476 1178 3540 consilium
1223 3483 1286 3541 et
1325 3477 1510 3541 salus.
1586 3476 1954 3553 Quamquam
2001 3491 2149 3536 vero
2194 3478 2393 3536 totum*
2423 3490 2549 3535 non

351 3578 431 3643 ad
472 3588 702 3662 partem
747 3582 859 3646 sed
903 3583 1170 3668 singulas
1213 3590 1418 3665 partes
1467 3579 1544 3643 ad
1578 3587 1765 3642 totum
1797 3576 2013 3641 referri
2049 3586 2306 3660 oportet,
2352 3586 2551 3642 tamen

347 3686 510 3750 idem
555 3694 616 3752 et
667 3688 843 3769 nihil,
898 3689 1012 3754 nisi
1068 3690 1230 3770 quod
1283 3688 1394 3752 toti
1438 3687 1723 3767 optimum
1767 3691 1892 3764 est,
1947 3685 2197 3768 singulis
2241 3686 2549 3763 convenit,

427 3936 482 4000 1)
519 3935 667 3989 Bene
707 3938 772 3987 de
819 3952 885 3987 eo
933 3933 1226 3985 Aristocles
1275 3950 1363 4000 ap.
1400 3932 1600 3983 Euseb.
1636 3932 1829 3999 Praep.
1866 3932 1963 3982 Ev.
1996 3931 2084 3983 XI.
2119 3932 2171 3982 3.
2209 3930 2287 3984 sic
2317 3930 2551 3996 judicat:

490 4025 645 4093 ἠξίου
687 4026 763 4095 μὴ
806 4021 1078 4078 δύνασθαι
1123 4020 1191 4074 τὰ
1233 4020 1548 4092 ἀνθρώπινα
1597 4022 1827 4074 κατιδεῖν
1876 4011 2043 4089 ἡμᾶς,
2104 4024 2149 4073 εἰ
2191 4022 2267 4091 μή
2307 4021 2375 4073 τὰ
2423 4026 2551 4075 θεῖα

489 4112 745 4186 πρότερον
787 4109 1005 4180 ὀφθείη.
