2900 4759
2479 214 2600 279 101

393 382 743 453 facultatem
777 387 976 469 posita
1020 395 1133 453 est.
1192 388 1412 462 ›Quam
1453 387 1691 450 tertiam
1735 390 1989 452 naturae
2030 386 2329 454 humanae
2373 392 2606 468 partem

390 507 515 553 non
558 490 789 575 fug-isse
834 483 1179 573 Platonem,
1237 509 1418 574 supra
1463 493 1717 556 vidimus
1768 498 1929 569 (not.
1975 493 2113 573 11),
2156 492 2278 558 ubi,
2302 512 2440 557 em
2484 511 2607 557 vo-

386 596 627 662 luntatis
669 601 789 661 vim
832 602 894 663 in
936 600 1038 663 illa
1082 600 1261 663 animi
1303 595 1475 681 part'e
1517 600 1799 680 posuisse
1843 600 2218 663 ostendimus
2235 645 2253 678 ,
2299 617 2484 680 quam·
2521 572 2599 660 τό

389 701 689 787 θυμικὸν
725 706 825 769 vel
871 699 961 767 τὸ·
991 700 1348 796 θυμοειδὲς
1388 705 1797 787 appellaverit.
1863 705 2171 789 Siquidem
2215 706 2395 788 igitur
2436 705 2599 769 idem

387 812 559 891 ponit
599 829 891 876 summum
941 813 1166 877 bonum
1209 812 1271 873 in
1315 809 1693 893 perfectione
1725 814 2001 876 “omnium
2055 811 2354 876 humanae
2410 818 2596 876 natu—

386 934 494 980 rae
550 916 892 982 facultatum
936 926 998 981 et
1038 920 1107 980 in·
1145 918 1299 998 vita,
1356 921 1419 982 in
1479 937 1598 999 qua
1649 919 1833 986 homo
1890 920 2239 981 universum
2294 937 2329 980 a
2386 925 2598 981 natura

382 1023 499 1087 sibi
541 1026 970 1107 praescriptum
1013 1041 1229 1088 munus
1273 1024 1536 1106 expleat,
1562 1025 1935 1102 ,necessario
1981 1023 2262 1112 postulat,
2305 1030 2370 1085 ut
2411 1023 2594 1089 homo

386 1145 511 1193 non
550 1131 922 1195 solum'vera
955 1130 1342 1214 cognoscere
1384 1137 1447 1193 et
1479 1131 1784 1213 voluptate
1816 1130 1933 1196 frui
1965 1131 2226 1209 studeat,
2271 1130 2383 1194 sed
2418 1131 2596 1196 &iam

384 1254 619 1320 agere
663 1239 853 1302 velit
896 1244 970 1300 et
1013 1240 1363 1302 virtutem
1412 1246 1800 1302 exerceat.
1890 1239 2082 1312 Quem
2135 1238 2368 1300 virtutis
2422 1254 2594 1302 usum

380 1346 751 1407 narravimus
806 1342 1226 1407 Antisthenem
1281 1350 1580 1425 tamquam
1638 1345 1733 1424 id,
1802 1344 1968 1424 quod
2018 1344 2200 1406 unice
2251 1343 2497 1406 honum‘
2529 1349 2595 1405 et

376 1452 524 1513 satis
569 1451 648 1514 sit
701 1451 778 1514 ad
821 1450 1002 1514 beate
1043 1448 1400 1529 vivendum,
1464 1450 1929 1514 commendasse
1940 1471 1959 1527 ;
2019 1449 2194 1513 simul
2249 1452 2447 1512 autem
2490 1450 2590 1511 vi·-

381 1555 606 1636 dimus,
660 1556 854 1638 qualis
908 1556 1115 1620 fuerit*
1128 1555 1284 1622 haec
1324 1561 1460 1642 eJus
1502 1562 1721 1638 virtuS,
1780 1575 1958 1637 quum
2004 1573 2126 1619 nee
2163 1561 2428 1618 mentem
2469 1573 2590 1619 nec
2681 1613 2688 1623 .

374 1663 707 1726 naturalem
747 1663 929 1726 vitam
980 1662 1082 1726 ille
1127 1666 1274 1728 satis
1328 1666 1689 1748 respexerit.
1779 1664 1843 1728 Si
1885 1679 2069 1741 vero,
2127 1661 2363 1741 qualem
2419 1661 2588 1725 Plato

326 1825 332 1836 .
372 1769 603 1834 virtutis
646 1789 820 1835 usum
865 1780 927 1836 et
970 1773 1193 1857 agendi
1245 1775 1542 1837 rationem
1587 1772 1997 1853 praeceperit,
2057 1770 2346 1830 enarrat-e
2401 1767 2585 1836 volu—

371 1893 537 1957 mus,
598 1861 858 1959 nepesse
905 1886 1033 1960 est,
1087 1886 1152 1942 ut
1203 1880 1551 1943 universam
1597 1880 1729 1960 ejus
1763 1874 2108 1974 *etliicam
2155 1873 2585 1937 doctrinam

347 1981 638 2044 ‘breviter
689 1984 1049 2047 adumbrare
1102 2001 1414 2047 conemur.
1501 1983 1859 2063 specialiter
1911 1979 2071 2044 enim
2113 1977 2289 2060 bajas
2345 1978 2581 2042 doctri-
2609 2023 2628 2035 .

368 2089 488 2149 nae
541 2094 746 2169 partes
799 2094 1202 2169 pertractare,
1260 2088 1406 2151 nihil
1473 2090 1701 2151 attinet.
1800 2086 2001 2160 Quare
2057 2102 2345 2148 summam
2411 2086 2582 2165 quasi

256 2231 259 2234 π
368 2194 505 2277 ejus
545 2211 976 2276 proponemus,
1026 2210 1183 2274 quae
1222 2192 1342 2256 huc
1383 2191 1520 2257 fere
1559 2192 1766 2264 redire
1808 2188 2064 2254 videtur.

537 2286 635 2364 Uti
681 2284 903 2381 omnia,
950 2317 1106 2380 quae
1148 2300 1375 2388 vivunt,
1419 2301 1511 2363 sic
1537 2298 1723 2362 homo
1754 2304 1967 2361 natura
1998 2299 2116 2361 sua
2143 2296 2577 2378 appetitdinem

370 2423 540 2469 suum
599 2409 675 2471 ab
729 2407 848 2471 hac
900 2406 1016 2470 sibi
1069 2405 1532 2488 praescriptum:
1593 2423 1771 2486 quem
1829 2421 2165 2484 assequens
2221 2406 2471 2485 acquirit
2512 2406 2574 2469 id

363 2512 610 2592 honum,
655 2514 819 2595 quod
865 2511 941 2576 ad
987 2530 1057 2577 se
1099 2513 1359 2594 pertinet
1404 2514 1617 2593 suique
1662 2510 1835 2594 quasi
1874 2512 2176 2591 proprium
2223 2518 2334 2574 est.
2381 2513 2572 2586 Quum

363 2618 544 2703 igitur
588 2621 840 2703 quisque
883 2620 1067 2686 homo
1111 2638 1284 2684 suum
1322 2622 1552 2684 bonum
1609 2618 1928 2698 omniaque
1972 2634 2119 2680 suae
2163 2624 2411 2680 naturae
2456 2636 2571 2681 ac-

362 2726 744 2789 commodata
788 2726 997 2810 diligat
1040 2732 1101 2790 et
1144 2732 1404 2807 appetat,
1448 2724 1740 2807 singulari
1783 2730 1980 2788 autem
2011 2723 2237 2788 homini
2274 2723 2335 2786 id
2376 2722 2570 2788 solum
2637 2788 2642 2796 ,

361 2848 512 2894 vere
554 2831 780 2896 honum
820 2835 918 2912 sit,
964 2834 1128 2912 quod
1165 2833 1450 2897 omnibus
1493 2831 1832 2894 hominibus
1876 2830 1997 2909 vel,
2040 2836 2248 2911 utpote
2287 2817 2421 2910 cum
2449 2847 2567 2891 re-

361 2956 493 3000 rum
528 2940 932 3002 universitatis
968 2939 1224 3003 consilio
1263 2955 1632 3019 congruens,
1677 2954 1791 3016 per
1823 2953 1891 2998 se
1929 2935 2155 2998 bonum
2188 2940 2304 3013 est,
2349 2951 2565 2996 omnes

357 3042 635 3107 homines
677 3051 889 3106 natura
934 3060 1043 3126 sua
1087 3042 1339 3125 diligunt
1381 3020 1441 3104 et
1484 3041 1598 3103 sibi
1633 3038 1958 3104 conciliare
1991 3038 2235 3101 student
2269 3037 2351 3116 id,
2399 3037 2562 3117 quod

357 3167 504 3210 vere
551 3154 613 3240 et
654 3167 764 3228 per
808 3166 878 3212 se
920 3147 1147 3211 bonum
1195 3152 1486 3223 est111).
1549 3146 1737 3228 Hujus
1782 3144 2225 3207 conscientiam·
2256 3133 2318 3204 iu
2362 3144 2559 3208 animo

358 3377 482 3443 111)
519 3377 581 3428 ln
613 3376 809 3441 Lyside
842 3376 1058 3445 quidem
1094 3393 1161 3429 ea
1195 3373 1467 3437 definitio,
1517 3390 1626 3442 qua
1661 3373 1860 3427 dicitur
1891 3372 1977 3439 id,
2009 3373 2153 3442 quod
2188 3372 2342 3426 nobis
2376 3390 2558 3427 earum

494 3467 567 3520 sit
602 3471 659 3518 et
694 3483 727 3518 a
763 3467 916 3519 nobis
950 3473 1253 3537 appetatur,
1290 3465 1459 3519 nostri
1495 3464 1764 3533 proprium
1802 3460 1888 3529 (τὰ
1927 3468 2119 3518 οἰκεῖον
2153 3494 2220 3505 -—
2258 3481 2309 3531 p.
2343 3467 2445 3518 221
2483 3466 2557 3533 Ε)

502 3556 756 3626 idemque
790 3559 989 3610 bonum
1028 3576 1147 3611 esse
1183 3561 1260 3626 (p.
1296 3560 1402 3611 222
1428 3558 1474 3609 C
1505 3559 1599 3623 D),
1633 3556 1893 3621 rejicitur,
1926 3554 2139 3607 Platoni
2168 3558 2348 3606 autem
2371 3569 2558 3608 revera

496 3648 636 3704 hane
664 3647 999 3701 sententiam
1047 3651 1325 3717 probatam
1365 3647 1533 3699 fuisse
1579 3650 1801 3713 apparet
1846 3660 1915 3695 ex
1964 3644 2206 3709 sympos.
2249 3659 2304 3710 p.
2339 3645 2444 3697 205
2478 3646 2553 3697 E:

495 3733 560 3792 οὗ
599 3737 658 3791 τὸ
697 3733 921 3805 iamir,
957 3739 1142 3808 οἶμαι,
1189 3738 1401 3791 ἵκαστοι
1441 3731 1781 3797 ἀσπάζονται,
1818 3735 1864 3783 εἰ
1896 3726 1971 3799 μὴ
2008 3734 2054 3782 εἴ
2084 3749 2166 3791 τις
2196 3728 2258 3784 τὸ
2292 3735 2392 3801 μὲν
2421 3728 2553 3798 ἄγα-

491 3827 602 3882 θόν
636 3831 831 3881 οἰκεῖον
865 3829 1010 3882 καλεῖ
1044 3828 1132 3879 καὶ
1176 3820 1399 3892 ἑαυτοῦ,
1440 3820 1504 3878 τὸ
1550 3826 1608 3877 δὲ
1645 3816 1806 3876 κακὸν
1849 3813 2155 3902 falleretur
2200 3820 2268 3882 ὦς
2311 3815 2462 3882 offam
2494 3842 2553 3890 γε

489 3917 620 3970 ἄλλο
654 3918 797 3971 ἐστὶν
832 3911 897 3972 οὗ
941 3897 1125 3989 ἒρῦσὶν
1158 3917 1468 3984 ἅνθρωποι,
1509 3912 1544 3979 ἢ
1577 3908 1673 3965 τοῦ
1704 3905 1938 3981 ἀγαθοῦ.
1973 3938 2040 3960 -v—
2090 3911 2346 3980 Quisque,
2376 3911 2557 3979 diligit

489 4012 546 4060 et
580 4007 788 4076 appetit
822 4024 922 4061 sua
954 4006 1197 4078 propria,
1222 4003 1289 4057 τὰ
1325 4006 1521 4066 οἰκεῖα,
1564 3996 1632 4076 τδρ
1668 4005 1879 4056 ἕᾱυτοῢ.
1925 4004 2085 4060 .»,Ὺει·ο
2118 4002 2333 4072 propria
2369 4000 2553 4068 cuius-

488 4114 592 4167 que
629 4081 765 4152 *sunt
805 4093 870 4152 τὰ
918 4093 1108 4167 ἀγαθά
1159 4095 1264 4165 (cf.
1303 4091 1573 4155 Charmid.
1620 4110 1673 4162 p.
1713 4095 1964 4163 1631)),
2010 4099 2082 4172 et‘
2102 4095 2245 4163 quod
2290 4094 2549 4163 optimum
