<?xml version="1.0" encoding="UTF-8"?>
<!DOCTYPE html PUBLIC "-//W3C//DTD XHTML 1.0 Transitional//EN"
    "http://www.w3.org/TR/xhtml1/DTD/xhtml1-transitional.dtd">
<html xmlns="http://www.w3.org/1999/xhtml" xml:lang="en" lang="en">
 <head>
  <title>
</title>
<meta http-equiv="Content-Type" content="text/html;charset=utf-8" />
  <meta name='ocr-system' content='tesseract 3.04.00' />
  <meta name='ocr-capabilities' content='ocr_page ocr_carea ocr_par ocr_line ocrx_word'/>
</head>
<body>
  <div class='ocr_page' id='page_1' title='image "./platonisdesummo00wehrgoog_0147.png"; bbox 0 0 2900 4759; ppageno 0'>
   <div class='ocr_carea' id='block_1_1' title="bbox 2328 210 2446 304">
    <p class='ocr_par' dir='ltr' id='par_1_1' title="bbox 2328 210 2446 304">
     <span class='ocr_line' id='line_1_1' title="bbox 2328 210 2446 304; baseline 0.008 -31"><span class='ocrx_word' id='word_1_1' title='bbox 2328 210 2446 304; x_wconf 64' lang='lat'><strong>137</strong></span> 
     </span>
    </p>
   </div>
   <div class='ocr_carea' id='block_1_2' title="bbox 247 385 2455 1325">
    <p class='ocr_par' dir='ltr' id='par_1_2' title="bbox 247 385 2455 1325">
     <span class='ocr_line' id='line_1_2' title="bbox 247 385 2449 473; baseline 0.003 -23"><span class='ocrx_word' id='word_1_2' title='bbox 247 390 514 453; x_wconf 79' lang='lat' dir='ltr'><strong>nondum</strong></span> <span class='ocrx_word' id='word_1_3' title='bbox 561 397 654 452; x_wconf 91' lang='lat' dir='ltr'><strong>est</strong></span> <span class='ocrx_word' id='word_1_4' title='bbox 698 407 1026 468; x_wconf 80' lang='lat' dir='ltr'><strong>concussa,</strong></span> <span class='ocrx_word' id='word_1_5' title='bbox 1082 385 1394 453; x_wconf 68' lang='lat' dir='ltr'><strong>veritatem</strong></span> <span class='ocrx_word' id='word_1_6' title='bbox 1449 389 1721 470; x_wconf 74' lang='lat' dir='ltr'><strong>possidet</strong></span> <span class='ocrx_word' id='word_1_7' title='bbox 1775 391 2195 473; x_wconf 81' lang='lat' dir='ltr'><strong>hominemque</strong></span> <span class='ocrx_word' id='word_1_8' title='bbox 2250 398 2449 472; x_wconf 71' lang='lat' dir='ltr'><strong>aptum</strong></span> 
     </span>
     <span class='ocr_line' id='line_1_3' title="bbox 253 496 2449 578; baseline 0.001 -21"><span class='ocrx_word' id='word_1_9' title='bbox 253 496 475 575; x_wconf 85' lang='lat' dir='ltr'><strong>reddit,</strong></span> <span class='ocrx_word' id='word_1_10' title='bbox 521 497 621 576; x_wconf 87' lang='lat' dir='ltr'><strong>qui</strong></span> <span class='ocrx_word' id='word_1_11' title='bbox 662 514 1027 577; x_wconf 77' lang='lat' dir='ltr'><strong>unoquoque</strong></span> <span class='ocrx_word' id='word_1_12' title='bbox 1070 496 1213 559; x_wconf 84' lang='lat' dir='ltr'><strong>loco</strong></span> <span class='ocrx_word' id='word_1_13' title='bbox 1246 503 1315 558; x_wconf 88' lang='lat' dir='ltr'><strong>et</strong></span> <span class='ocrx_word' id='word_1_14' title='bbox 1346 503 1641 577; x_wconf 87' lang='lat' dir='ltr'><strong>tempore,</strong></span> <span class='ocrx_word' id='word_1_15' title='bbox 1687 497 1852 578; x_wconf 81' lang='lat' dir='ltr'><strong>quod</strong></span> <span class='ocrx_word' id='word_1_16' title='bbox 1884 508 2200 562; x_wconf 81' lang='lat' dir='ltr'><strong>commune</strong></span> <span class='ocrx_word' id='word_1_17' title='bbox 2242 497 2449 562; x_wconf 86' lang='lat' dir='ltr'><strong>mundi</strong></span> 
     </span>
     <span class='ocr_line' id='line_1_4' title="bbox 252 597 2449 685; baseline 0.001 -20"><span class='ocrx_word' id='word_1_18' title='bbox 252 603 568 666; x_wconf 88' lang='lat' dir='ltr'><strong>consilium</strong></span> <span class='ocrx_word' id='word_1_19' title='bbox 623 604 753 665; x_wconf 85' lang='lat' dir='ltr'><strong>sive</strong></span> <span class='ocrx_word' id='word_1_20' title='bbox 811 603 910 665; x_wconf 88' lang='lat' dir='ltr'><strong>dei</strong></span> <span class='ocrx_word' id='word_1_21' title='bbox 961 603 1239 670; x_wconf 87' lang='lat' dir='ltr'><strong>voluntas</strong></span> <span class='ocrx_word' id='word_1_22' title='bbox 1280 603 1566 685; x_wconf 82' lang='lat' dir='ltr'><strong>postulet,</strong></span> <span class='ocrx_word' id='word_1_23' title='bbox 1610 597 1807 667; x_wconf 85' lang='lat' dir='ltr'><strong>faciat.</strong></span> <span class='ocrx_word' id='word_1_24' title='bbox 1898 606 2029 679; x_wconf 87' lang='lat' dir='ltr'><strong>Qua</strong></span> <span class='ocrx_word' id='word_1_25' title='bbox 2073 606 2325 668; x_wconf 85' lang='lat' dir='ltr'><strong>seientia</strong></span> <span class='ocrx_word' id='word_1_26' title='bbox 2365 606 2449 667; x_wconf 88' lang='lat' dir='ltr'><strong>ita</strong></span> 
     </span>
     <span class='ocr_line' id='line_1_5' title="bbox 251 711 2447 793; baseline 0 -20"><span class='ocrx_word' id='word_1_27' title='bbox 251 717 480 793; x_wconf 84' lang='lat' dir='ltr'><strong>aperta,</strong></span> <span class='ocrx_word' id='word_1_28' title='bbox 525 716 589 772; x_wconf 92' lang='lat' dir='ltr'><strong>ut</strong></span> <span class='ocrx_word' id='word_1_29' title='bbox 631 728 810 773; x_wconf 91' lang='lat' dir='ltr'><strong>nemo</strong></span> <span class='ocrx_word' id='word_1_30' title='bbox 855 727 1039 773; x_wconf 87' lang='lat' dir='ltr'><strong>sanus</strong></span> <span class='ocrx_word' id='word_1_31' title='bbox 1085 711 1217 791; x_wconf 85' lang='lat' dir='ltr'><strong>ejus</strong></span> <span class='ocrx_word' id='word_1_32' title='bbox 1260 728 1387 773; x_wconf 87' lang='lat' dir='ltr'><strong>non</strong></span> <span class='ocrx_word' id='word_1_33' title='bbox 1429 717 1641 791; x_wconf 87' lang='lat' dir='ltr'><strong>posset</strong></span> <span class='ocrx_word' id='word_1_34' title='bbox 1670 713 1972 791; x_wconf 80' lang='lat' dir='ltr'><strong>particeps</strong></span> <span class='ocrx_word' id='word_1_35' title='bbox 2011 711 2166 790; x_wconf 78' lang='lat' dir='ltr'><strong>fieri,</strong></span> <span class='ocrx_word' id='word_1_36' title='bbox 2205 712 2447 776; x_wconf 90' lang='lat' dir='ltr'><strong>unicui-</strong></span> 
     </span>
     <span class='ocr_line' id='line_1_6' title="bbox 254 803 2450 899; baseline 0 -19"><span class='ocrx_word' id='word_1_37' title='bbox 254 835 371 898; x_wconf 90' lang='lat' dir='ltr'><strong>que</strong></span> <span class='ocrx_word' id='word_1_38' title='bbox 423 815 651 879; x_wconf 89' lang='lat' dir='ltr'><strong>homini</strong></span> <span class='ocrx_word' id='word_1_39' title='bbox 704 834 823 879; x_wconf 90' lang='lat' dir='ltr'><strong>nec</strong></span> <span class='ocrx_word' id='word_1_40' title='bbox 878 816 1073 878; x_wconf 90' lang='lat' dir='ltr'><strong>minus</strong></span> <span class='ocrx_word' id='word_1_41' title='bbox 1130 834 1310 879; x_wconf 91' lang='lat' dir='ltr'><strong>servo</strong></span> <span class='ocrx_word' id='word_1_42' title='bbox 1367 803 1546 896; x_wconf 83' lang='lat' dir='ltr'><strong>quam</strong></span> <span class='ocrx_word' id='word_1_43' title='bbox 1597 818 1862 899; x_wconf 82' lang='lat' dir='ltr'><strong>ingenuo</strong></span> <span class='ocrx_word' id='word_1_44' title='bbox 1922 825 1982 880; x_wconf 93' lang='lat' dir='ltr'><strong>et</strong></span> <span class='ocrx_word' id='word_1_45' title='bbox 2028 820 2191 881; x_wconf 86' lang='lat' dir='ltr'><strong>diviti</strong></span> <span class='ocrx_word' id='word_1_46' title='bbox 2232 819 2327 881; x_wconf 85' lang='lat' dir='ltr'><strong>via</strong></span> <span class='ocrx_word' id='word_1_47' title='bbox 2371 818 2450 881; x_wconf 88' lang='lat' dir='ltr'><strong>ad</strong></span> 
     </span>
     <span class='ocr_line' id='line_1_7' title="bbox 254 913 2448 1006; baseline -0 -21"><span class='ocrx_word' id='word_1_48' title='bbox 254 942 387 985; x_wconf 90' lang='lat' dir='ltr'><strong>eam</strong></span> <span class='ocrx_word' id='word_1_49' title='bbox 453 923 882 985; x_wconf 88' lang='lat' dir='ltr'><strong>beatitudinem</strong></span> <span class='ocrx_word' id='word_1_50' title='bbox 934 921 1233 1003; x_wconf 86' lang='lat' dir='ltr'><strong>patefacta</strong></span> <span class='ocrx_word' id='word_1_51' title='bbox 1277 921 1400 1002; x_wconf 87' lang='lat' dir='ltr'><strong>est,</strong></span> <span class='ocrx_word' id='word_1_52' title='bbox 1472 924 1546 985; x_wconf 89' lang='lat' dir='ltr'><strong>ad</strong></span> <span class='ocrx_word' id='word_1_53' title='bbox 1605 941 1779 1004; x_wconf 91' lang='lat' dir='ltr'><strong>quam</strong></span> <span class='ocrx_word' id='word_1_54' title='bbox 1834 927 2059 1005; x_wconf 82' lang='lat' dir='ltr'>antiqui</span> <span class='ocrx_word' id='word_1_55' title='bbox 2112 913 2448 1006; x_wconf 84' lang='lat' dir='ltr'><strong>philosophi</strong></span> 
     </span>
     <span class='ocr_line' id='line_1_8' title="bbox 247 1011 2447 1111; baseline 0.002 -20"><span class='ocrx_word' id='word_1_56' title='bbox 247 1011 552 1092; x_wconf 32' lang='lat' dir='ltr'><strong>*neminem</strong></span> <span class='ocrx_word' id='word_1_57' title='bbox 593 1015 708 1091; x_wconf 85' lang='lat' dir='ltr'><strong>nisi</strong></span> <span class='ocrx_word' id='word_1_58' title='bbox 740 1048 851 1110; x_wconf 91' lang='lat' dir='ltr'><strong>per</strong></span> <span class='ocrx_word' id='word_1_59' title='bbox 884 1029 1318 1110; x_wconf 82' lang='lat' dir='ltr'><strong>philosophiam</strong></span> <span class='ocrx_word' id='word_1_60' title='bbox 1353 1029 1652 1093; x_wconf 88' lang='lat' dir='ltr'><strong>accedere</strong></span> <span class='ocrx_word' id='word_1_61' title='bbox 1688 1048 1875 1111; x_wconf 91' lang='lat' dir='ltr'><strong>posse</strong></span> <span class='ocrx_word' id='word_1_62' title='bbox 1914 1034 2250 1095; x_wconf 83' lang='lat' dir='ltr'>censebant</span> <span class='ocrx_word' id='word_1_63' title='bbox 2276 1036 2447 1108; x_wconf 82' lang='lat'><strong>¹⁸⁰).</strong></span> 
     </span>
     <span class='ocr_line' id='line_1_9' title="bbox 255 1137 2455 1219; baseline 0.002 -21"><span class='ocrx_word' id='word_1_64' title='bbox 255 1137 321 1198; x_wconf 91' lang='lat' dir='ltr'><strong>In</strong></span> <span class='ocrx_word' id='word_1_65' title='bbox 361 1137 480 1200; x_wconf 86' lang='lat' dir='ltr'><strong>fide</strong></span> <span class='ocrx_word' id='word_1_66' title='bbox 512 1138 685 1198; x_wconf 85' lang='lat' dir='ltr'><strong>enim</strong></span> <span class='ocrx_word' id='word_1_67' title='bbox 730 1137 1130 1217; x_wconf 38' lang='lat' dir='ltr'><strong>quisquegdei</strong></span> <span class='ocrx_word' id='word_1_68' title='bbox 1170 1137 1539 1200; x_wconf 88' lang='lat' dir='ltr'><strong>voluntatem</strong></span> <span class='ocrx_word' id='word_1_69' title='bbox 1578 1139 1773 1200; x_wconf 90' lang='lat' dir='ltr'><strong>animo</strong></span> <span class='ocrx_word' id='word_1_70' title='bbox 1808 1140 2088 1219; x_wconf 82' lang='lat' dir='ltr'><strong>concipit,</strong></span> <span class='ocrx_word' id='word_1_71' title='bbox 2136 1145 2314 1219; x_wconf 85' lang='lat' dir='ltr'><strong>atque</strong></span> <span class='ocrx_word' id='word_1_72' title='bbox 2348 1139 2455 1202; x_wconf 86' lang='lat' dir='ltr'><strong>ubi</strong></span> 
     </span>
     <span class='ocr_line' id='line_1_10' title="bbox 257 1225 2450 1325; baseline 0.001 -21"><span class='ocrx_word' id='word_1_73' title='bbox 257 1243 413 1306; x_wconf 83' lang='lat' dir='ltr'><strong>hanc</strong></span> <span class='ocrx_word' id='word_1_74' title='bbox 462 1243 830 1305; x_wconf 87' lang='lat' dir='ltr'><strong>voluntatem</strong></span> <span class='ocrx_word' id='word_1_75' title='bbox 883 1245 953 1306; x_wconf 51' lang='lat' dir='ltr'><strong>in¹</strong></span> <span class='ocrx_word' id='word_1_76' title='bbox 999 1261 1068 1307; x_wconf 87' lang='lat' dir='ltr'><strong>se</strong></span> <span class='ocrx_word' id='word_1_77' title='bbox 1120 1245 1382 1324; x_wconf 87' lang='lat' dir='ltr'><strong>recepit,</strong></span> <span class='ocrx_word' id='word_1_78' title='bbox 1436 1225 1717 1324; x_wconf 68' lang='lat' dir='ltr'><strong>idemque</strong></span> <span class='ocrx_word' id='word_1_79' title='bbox 1760 1244 2009 1324; x_wconf 86' lang='lat' dir='ltr'><strong>volens,</strong></span> <span class='ocrx_word' id='word_1_80' title='bbox 2066 1246 2230 1325; x_wconf 87' lang='lat' dir='ltr'><strong>quod</strong></span> <span class='ocrx_word' id='word_1_81' title='bbox 2276 1244 2450 1323; x_wconf 67' lang='lat' dir='ltr'><strong>dem,</strong></span> 
     </span>
    </p>
   </div>
   <div class='ocr_carea' id='block_1_3' title="bbox 256 1348 2452 1535">
    <p class='ocr_par' dir='ltr' id='par_1_3' title="bbox 256 1348 2452 1535">
     <span class='ocr_line' id='line_1_11' title="bbox 256 1348 2452 1433; baseline -0.001 -20.997"><span class='ocrx_word' id='word_1_82' title='bbox 256 1367 368 1412; x_wconf 90' lang='lat' dir='ltr'><strong>suo</strong></span> <span class='ocrx_word' id='word_1_83' title='bbox 420 1348 559 1412; x_wconf 89' lang='lat' dir='ltr'><strong>loco</strong></span> <span class='ocrx_word' id='word_1_84' title='bbox 615 1349 710 1428; x_wconf 81' lang='lat' dir='ltr'><strong>id,</strong></span> <span class='ocrx_word' id='word_1_85' title='bbox 772 1349 937 1429; x_wconf 85' lang='lat' dir='ltr'><strong>quod</strong></span> <span class='ocrx_word' id='word_1_86' title='bbox 991 1350 1204 1428; x_wconf 86' lang='lat' dir='ltr'><strong>debet,</strong></span> <span class='ocrx_word' id='word_1_87' title='bbox 1262 1351 1417 1433; x_wconf 83' lang='lat' dir='ltr'><strong>agit,</strong></span> <span class='ocrx_word' id='word_1_88' title='bbox 1474 1367 1546 1412; x_wconf 87' lang='lat' dir='ltr'><strong>se</strong></span> <span class='ocrx_word' id='word_1_89' title='bbox 1586 1350 1813 1412; x_wconf 90' lang='lat' dir='ltr'><strong>honum</strong></span> <span class='ocrx_word' id='word_1_90' title='bbox 1867 1368 2009 1415; x_wconf 91' lang='lat' dir='ltr'><strong>esse</strong></span> <span class='ocrx_word' id='word_1_91' title='bbox 2053 1352 2167 1415; x_wconf 88' lang='lat' dir='ltr'><strong>scit</strong></span> <span class='ocrx_word' id='word_1_92' title='bbox 2211 1350 2452 1430; x_wconf 88' lang='lat' dir='ltr'><strong>deoque</strong></span> 
     </span>
     <span class='ocr_line' id='line_1_12' title="bbox 261 1455 1706 1535; baseline -0.001 -15"><span class='ocrx_word' id='word_1_93' title='bbox 261 1455 654 1533; x_wconf 78' lang='lat' dir='ltr'><strong>conciliatum,</strong></span> <span class='ocrx_word' id='word_1_94' title='bbox 695 1456 897 1535; x_wconf 87' lang='lat' dir='ltr'><strong>itaque</strong></span> <span class='ocrx_word' id='word_1_95' title='bbox 936 1455 1190 1517; x_wconf 88' lang='lat' dir='ltr'><strong>laetatur</strong></span> <span class='ocrx_word' id='word_1_96' title='bbox 1231 1462 1291 1517; x_wconf 92' lang='lat' dir='ltr'><strong>et</strong></span> <span class='ocrx_word' id='word_1_97' title='bbox 1331 1455 1543 1518; x_wconf 89' lang='lat' dir='ltr'><strong>beatus</strong></span> <span class='ocrx_word' id='word_1_98' title='bbox 1588 1464 1706 1519; x_wconf 89' lang='lat' dir='ltr'><strong>est.</strong></span> 
     </span>
    </p>
   </div>
   <div class='ocr_carea' id='block_1_4' title="bbox 256 1523 2460 3032">
    <p class='ocr_par' dir='ltr' id='par_1_4' title="bbox 256 1523 2460 3032">
     <span class='ocr_line' id='line_1_13' title="bbox 418 1523 2450 1646; baseline -0.001 -20"><span class='ocrx_word' id='word_1_99' title='bbox 418 1562 551 1626; x_wconf 89' lang='lat' dir='ltr'><strong>Hoc</strong></span> <span class='ocrx_word' id='word_1_100' title='bbox 593 1561 776 1624; x_wconf 91' lang='lat' dir='ltr'><strong>modo</strong></span> <span class='ocrx_word' id='word_1_101' title='bbox 812 1562 1146 1625; x_wconf 88' lang='lat' dir='ltr'><strong>Christiana</strong></span> <span class='ocrx_word' id='word_1_102' title='bbox 1179 1561 1416 1623; x_wconf 91' lang='lat' dir='ltr'><strong>demum</strong></span> <span class='ocrx_word' id='word_1_103' title='bbox 1456 1561 1755 1645; x_wconf 83' lang='lat' dir='ltr'><strong>religione</strong></span> <span class='ocrx_word' id='word_1_104' title='bbox 1791 1523 2066 1646; x_wconf 85' lang='lat' dir='ltr'><strong>quaestio</strong></span> <span class='ocrx_word' id='word_1_105' title='bbox 2103 1563 2180 1625; x_wconf 88' lang='lat' dir='ltr'><strong>de</strong></span> <span class='ocrx_word' id='word_1_106' title='bbox 2220 1579 2450 1625; x_wconf 89' lang='lat' dir='ltr'><strong>summo</strong></span> 
     </span>
     <span class='ocr_line' id='line_1_14' title="bbox 261 1662 2455 1751; baseline 0.001 -24"><span class='ocrx_word' id='word_1_107' title='bbox 261 1662 462 1747; x_wconf 85' lang='lat' dir='ltr'><strong>hono,</strong></span> <span class='ocrx_word' id='word_1_108' title='bbox 510 1685 620 1748; x_wconf 88' lang='lat' dir='ltr'><strong>per</strong></span> <span class='ocrx_word' id='word_1_109' title='bbox 687 1673 872 1732; x_wconf 85' lang='lat' dir='ltr'><strong>totam</strong></span> <span class='ocrx_word' id='word_1_110' title='bbox 931 1667 1065 1730; x_wconf 89' lang='lat' dir='ltr'><strong>fere</strong></span> <span class='ocrx_word' id='word_1_111' title='bbox 1138 1669 1547 1748; x_wconf 80' lang='lat' dir='ltr'><strong>antiquitatem</strong></span> <span class='ocrx_word' id='word_1_112' title='bbox 1601 1670 1874 1732; x_wconf 80' lang='lat' dir='ltr'><strong>maximis</strong></span> <span class='ocrx_word' id='word_1_113' title='bbox 1941 1667 2154 1731; x_wconf 88' lang='lat' dir='ltr'><strong>studiis</strong></span> <span class='ocrx_word' id='word_1_114' title='bbox 2211 1669 2455 1751; x_wconf 82' lang='lat' dir='ltr'><strong>agitata,</strong></span> 
     </span>
     <span class='ocr_line' id='line_1_15' title="bbox 265 1761 2457 1839; baseline 0 -4"><span class='ocrx_word' id='word_1_115' title='bbox 265 1781 351 1836; x_wconf 93' lang='lat' dir='ltr'><strong>est</strong></span> <span class='ocrx_word' id='word_1_116' title='bbox 403 1773 703 1837; x_wconf 86' lang='lat' dir='ltr'><strong>dissoluta</strong></span> <span class='ocrx_word' id='word_1_117' title='bbox 749 1782 811 1837; x_wconf 87' lang='lat' dir='ltr'><strong>et</strong></span> <span class='ocrx_word' id='word_1_118' title='bbox 852 1774 1033 1837; x_wconf 86' lang='lat' dir='ltr'><strong>finita.</strong></span> <span class='ocrx_word' id='word_1_119' title='bbox 1120 1774 1292 1837; x_wconf 90' lang='lat' dir='ltr'><strong>Licet</strong></span> <span class='ocrx_word' id='word_1_120' title='bbox 1344 1794 1495 1839; x_wconf 88' lang='lat' dir='ltr'><strong>vero</strong></span> <span class='ocrx_word' id='word_1_121' title='bbox 1553 1775 1614 1837; x_wconf 90' lang='lat' dir='ltr'><strong>in</strong></span> <span class='ocrx_word' id='word_1_122' title='bbox 1671 1761 2014 1838; x_wconf 81' lang='lat' dir='ltr'><strong>definienda</strong></span> <span class='ocrx_word' id='word_1_123' title='bbox 2072 1776 2324 1838; x_wconf 86' lang='lat' dir='ltr'><strong>scientia</strong></span> <span class='ocrx_word' id='word_1_124' title='bbox 2378 1774 2457 1836; x_wconf 88' lang='lat' dir='ltr'><strong>ad</strong></span> 
     </span>
     <span class='ocr_line' id='line_1_16' title="bbox 257 1880 2458 1963; baseline 0 -23"><span class='ocrx_word' id='word_1_125' title='bbox 257 1880 433 1941; x_wconf 82' lang='lat' dir='ltr'><strong>vitam</strong></span> <span class='ocrx_word' id='word_1_126' title='bbox 475 1880 714 1943; x_wconf 84' lang='lat' dir='ltr'><strong>beatam</strong></span> <span class='ocrx_word' id='word_1_127' title='bbox 756 1881 1108 1945; x_wconf 89' lang='lat' dir='ltr'><strong>necessaria</strong></span> <span class='ocrx_word' id='word_1_128' title='bbox 1158 1899 1379 1963; x_wconf 83' lang='lat' dir='ltr'><strong>magna</strong></span> <span class='ocrx_word' id='word_1_129' title='bbox 1425 1881 1763 1943; x_wconf 87' lang='lat' dir='ltr'><strong>differentia</strong></span> <span class='ocrx_word' id='word_1_130' title='bbox 1807 1882 1883 1943; x_wconf 88' lang='lat' dir='ltr'><strong>sit</strong></span> <span class='ocrx_word' id='word_1_131' title='bbox 1925 1882 2086 1943; x_wconf 89' lang='lat' dir='ltr'><strong>inter</strong></span> <span class='ocrx_word' id='word_1_132' title='bbox 2128 1880 2458 1943; x_wconf 89' lang='lat' dir='ltr'><strong>absolutam</strong></span> 
     </span>
     <span class='ocr_line' id='line_1_17' title="bbox 263 1979 2455 2068; baseline 0.001 -25"><span class='ocrx_word' id='word_1_133' title='bbox 263 1984 613 2065; x_wconf 84' lang='lat' dir='ltr'><strong>religionem</strong></span> <span class='ocrx_word' id='word_1_134' title='bbox 667 1994 727 2049; x_wconf 93' lang='lat' dir='ltr'><strong>et</strong></span> <span class='ocrx_word' id='word_1_135' title='bbox 780 1990 1078 2068; x_wconf 87' lang='lat' dir='ltr'><strong>antiquam</strong></span> <span class='ocrx_word' id='word_1_136' title='bbox 1129 1986 1594 2068; x_wconf 82' lang='lat' dir='ltr'><strong>philosophia-m,</strong></span> <span class='ocrx_word' id='word_1_137' title='bbox 1652 1992 1855 2048; x_wconf 87' lang='lat' dir='ltr'><strong>tamen</strong></span> <span class='ocrx_word' id='word_1_138' title='bbox 1910 1989 1991 2049; x_wconf 88' lang='lat' dir='ltr'><strong>ita</strong></span> <span class='ocrx_word' id='word_1_139' title='bbox 2048 1979 2455 2063; x_wconf 81' lang='lat' dir='ltr'><strong>consentiunt,</strong></span> 
     </span>
     <span class='ocr_line' id='line_1_18' title="bbox 264 2090 2452 2179; baseline 0.001 -27"><span class='ocrx_word' id='word_1_140' title='bbox 264 2096 325 2152; x_wconf 89' lang='lat' dir='ltr'><strong>ut</strong></span> <span class='ocrx_word' id='word_1_141' title='bbox 365 2090 468 2152; x_wconf 89' lang='lat' dir='ltr'><strong>illa</strong></span> <span class='ocrx_word' id='word_1_142' title='bbox 505 2094 565 2155; x_wconf 90' lang='lat' dir='ltr'><strong>in</strong></span> <span class='ocrx_word' id='word_1_143' title='bbox 605 2094 894 2179; x_wconf 84' lang='lat' dir='ltr'><strong>religiosa</strong></span> <span class='ocrx_word' id='word_1_144' title='bbox 937 2095 1189 2158; x_wconf 90' lang='lat' dir='ltr'><strong>scientia</strong></span> <span class='ocrx_word' id='word_1_145' title='bbox 1231 2095 1360 2158; x_wconf 87' lang='lat' dir='ltr'><strong>sive</strong></span> <span class='ocrx_word' id='word_1_146' title='bbox 1404 2093 1545 2172; x_wconf 88' lang='lat' dir='ltr'><strong>fide,</strong></span> <span class='ocrx_word' id='word_1_147' title='bbox 1593 2110 1770 2173; x_wconf 87' lang='lat' dir='ltr'><strong>quam</strong></span> <span class='ocrx_word' id='word_1_148' title='bbox 1802 2094 1967 2175; x_wconf 88' lang='lat' dir='ltr'><strong>justa</strong></span> <span class='ocrx_word' id='word_1_149' title='bbox 2010 2092 2286 2156; x_wconf 83' lang='lat' dir='ltr'><strong>voluntas</strong></span> <span class='ocrx_word' id='word_1_150' title='bbox 2328 2093 2452 2155; x_wconf 88' lang='lat' dir='ltr'><strong>bo-</strong></span> 
     </span>
     <span class='ocr_line' id='line_1_19' title="bbox 262 2200 2451 2281; baseline 0 -21"><span class='ocrx_word' id='word_1_151' title='bbox 262 2216 463 2279; x_wconf 88' lang='lat' dir='ltr'><strong>naque</strong></span> <span class='ocrx_word' id='word_1_152' title='bbox 516 2218 696 2281; x_wconf 87' lang='lat' dir='ltr'><strong>opera</strong></span> <span class='ocrx_word' id='word_1_153' title='bbox 724 2219 978 2281; x_wconf 76' lang='lat' dir='ltr'><strong>semper</strong></span> <span class='ocrx_word' id='word_1_154' title='bbox 1023 2208 1087 2265; x_wconf 88' lang='lat' dir='ltr'><strong>et</strong></span> <span class='ocrx_word' id='word_1_155' title='bbox 1123 2201 1474 2264; x_wconf 89' lang='lat' dir='ltr'><strong>necessario</strong></span> <span class='ocrx_word' id='word_1_156' title='bbox 1522 2200 1906 2277; x_wconf 85' lang='lat' dir='ltr'><strong>comitentur,</strong></span> <span class='ocrx_word' id='word_1_157' title='bbox 1963 2217 2203 2262; x_wconf 87' lang='lat' dir='ltr'><strong>omnem</strong></span> <span class='ocrx_word' id='word_1_158' title='bbox 2248 2201 2451 2262; x_wconf 87' lang='lat' dir='ltr'><strong>beati-</strong></span> 
     </span>
     <span class='ocr_line' id='line_1_20' title="bbox 258 2303 2451 2387; baseline -0 -20"><span class='ocrx_word' id='word_1_159' title='bbox 258 2312 442 2368; x_wconf 86' lang='lat' dir='ltr'><strong>tatem</strong></span> <span class='ocrx_word' id='word_1_160' title='bbox 496 2313 708 2387; x_wconf 82' lang='lat' dir='ltr'><strong>ponat,</strong></span> <span class='ocrx_word' id='word_1_161' title='bbox 774 2308 928 2370; x_wconf 85' lang='lat' dir='ltr'><strong>haec</strong></span> <span class='ocrx_word' id='word_1_162' title='bbox 975 2309 1117 2372; x_wconf 89' lang='lat' dir='ltr'><strong>item</strong></span> <span class='ocrx_word' id='word_1_163' title='bbox 1181 2303 1382 2372; x_wconf 80' lang='lat' dir='ltr'><strong>omnia</strong></span> <span class='ocrx_word' id='word_1_164' title='bbox 1437 2327 1516 2369; x_wconf 84' lang='lat' dir='ltr'><strong>ex</strong></span> <span class='ocrx_word' id='word_1_165' title='bbox 1568 2307 1820 2370; x_wconf 86' lang='lat' dir='ltr'><strong>scientia</strong></span> <span class='ocrx_word' id='word_1_166' title='bbox 1878 2306 2151 2387; x_wconf 87' lang='lat' dir='ltr'><strong>pendere</strong></span> <span class='ocrx_word' id='word_1_167' title='bbox 2213 2305 2451 2369; x_wconf 84' lang='lat' dir='ltr'><strong>doceat.</strong></span> 
     </span>
     <span class='ocr_line' id='line_1_21' title="bbox 256 2411 2460 2495; baseline -0.003 -21"><span class='ocrx_word' id='word_1_168' title='bbox 256 2412 514 2475; x_wconf 57' lang='lat' dir='ltr'><strong>‘Primum</strong></span> <span class='ocrx_word' id='word_1_169' title='bbox 558 2414 733 2495; x_wconf 82' lang='lat' dir='ltr'><strong>igitur</strong></span> <span class='ocrx_word' id='word_1_170' title='bbox 775 2416 989 2479; x_wconf 88' lang='lat' dir='ltr'><strong>summi</strong></span> <span class='ocrx_word' id='word_1_171' title='bbox 1032 2416 1390 2495; x_wconf 84' lang='lat' dir='ltr'><strong>antiquitatis</strong></span> <span class='ocrx_word' id='word_1_172' title='bbox 1433 2412 1792 2495; x_wconf 84' lang='lat' dir='ltr'><strong>philosophi,</strong></span> <span class='ocrx_word' id='word_1_173' title='bbox 1838 2412 2002 2475; x_wconf 86' lang='lat' dir='ltr'><strong>Plato</strong></span> <span class='ocrx_word' id='word_1_174' title='bbox 2052 2419 2116 2475; x_wconf 86' lang='lat' dir='ltr'><strong>et</strong></span> <span class='ocrx_word' id='word_1_175' title='bbox 2141 2411 2460 2480; x_wconf 77' lang='lat' dir='ltr'><strong>Aristote-</strong></span> 
     </span>
     <span class='ocr_line' id='line_1_22' title="bbox 263 2514 2454 2608; baseline 0.002 -33"><span class='ocrx_word' id='word_1_176' title='bbox 263 2514 372 2597; x_wconf 77' lang='lat' dir='ltr'><strong>leS‚</strong></span> <span class='ocrx_word' id='word_1_177' title='bbox 415 2518 480 2608; x_wconf 88' lang='lat' dir='ltr'><strong>id</strong></span> <span class='ocrx_word' id='word_1_178' title='bbox 523 2520 910 2584; x_wconf 86' lang='lat' dir='ltr'><strong>annitendum</strong></span> <span class='ocrx_word' id='word_1_179' title='bbox 955 2539 1096 2585; x_wconf 90' lang='lat' dir='ltr'><strong>esse</strong></span> <span class='ocrx_word' id='word_1_180' title='bbox 1139 2526 1599 2601; x_wconf 84' lang='lat' dir='ltr'><strong>praeceperunt,</strong></span> <span class='ocrx_word' id='word_1_181' title='bbox 1643 2526 1712 2581; x_wconf 88' lang='lat' dir='ltr'><strong>ut</strong></span> <span class='ocrx_word' id='word_1_182' title='bbox 1751 2520 1982 2582; x_wconf 86' lang='lat' dir='ltr'><strong>animus</strong></span> <span class='ocrx_word' id='word_1_183' title='bbox 2026 2537 2201 2599; x_wconf 88' lang='lat' dir='ltr'><strong>quam</strong></span> <span class='ocrx_word' id='word_1_184' title='bbox 2232 2519 2454 2599; x_wconf 88' lang='lat' dir='ltr'><strong>optime</strong></span> 
     </span>
     <span class='ocr_line' id='line_1_23' title="bbox 266 2623 2456 2710; baseline 0 -23"><span class='ocrx_word' id='word_1_185' title='bbox 266 2642 332 2687; x_wconf 89' lang='lat' dir='ltr'><strong>se</strong></span> <span class='ocrx_word' id='word_1_186' title='bbox 372 2623 644 2688; x_wconf 87' lang='lat' dir='ltr'><strong>haberet.</strong></span> <span class='ocrx_word' id='word_1_187' title='bbox 700 2627 876 2702; x_wconf 86' lang='lat' dir='ltr'><strong>Quod</strong></span> <span class='ocrx_word' id='word_1_188' title='bbox 905 2629 1073 2691; x_wconf 82' lang='lat' dir='ltr'><strong>Ptato</strong></span> <span class='ocrx_word' id='word_1_189' title='bbox 1110 2628 1311 2706; x_wconf 88' lang='lat' dir='ltr'><strong>docet,</strong></span> <span class='ocrx_word' id='word_1_190' title='bbox 1325 2628 1615 2710; x_wconf 76' lang='lat' dir='ltr'><strong>Justitiam</strong></span> <span class='ocrx_word' id='word_1_191' title='bbox 1659 2645 1792 2689; x_wconf 89' lang='lat' dir='ltr'><strong>cum</strong></span> <span class='ocrx_word' id='word_1_192' title='bbox 1837 2626 2129 2706; x_wconf 85' lang='lat' dir='ltr'><strong>sapientia</strong></span> <span class='ocrx_word' id='word_1_193' title='bbox 2171 2625 2456 2705; x_wconf 81' lang='lat' dir='ltr'><strong>optimum</strong></span> 
     </span>
     <span class='ocr_line' id='line_1_24' title="bbox 268 2729 2457 2812; baseline 0.001 -21"><span class='ocrx_word' id='word_1_194' title='bbox 268 2747 402 2794; x_wconf 91' lang='lat' dir='ltr'><strong>esse</strong></span> <span class='ocrx_word' id='word_1_195' title='bbox 448 2732 646 2795; x_wconf 88' lang='lat' dir='ltr'><strong>animo</strong></span> <span class='ocrx_word' id='word_1_196' title='bbox 691 2742 751 2795; x_wconf 89' lang='lat' dir='ltr'><strong>et</strong></span> <span class='ocrx_word' id='word_1_197' title='bbox 784 2729 1056 2798; x_wconf 50' lang='lat' dir='ltr'><strong>‘omnium</strong></span> <span class='ocrx_word' id='word_1_198' title='bbox 1096 2735 1393 2798; x_wconf 84' lang='lat' dir='ltr'><strong>honorum</strong></span> <span class='ocrx_word' id='word_1_199' title='bbox 1434 2733 1827 2796; x_wconf 89' lang='lat' dir='ltr'><strong>humanorum</strong></span> <span class='ocrx_word' id='word_1_200' title='bbox 1858 2749 2219 2812; x_wconf 83' lang='lat' dir='ltr'><strong>supremum,</strong></span> <span class='ocrx_word' id='word_1_201' title='bbox 2253 2738 2457 2793; x_wconf 84' lang='lat' dir='ltr'><strong>cetera</strong></span> 
     </span>
     <span class='ocr_line' id='line_1_25' title="bbox 265 2835 2453 2922; baseline 0.001 -25"><span class='ocrx_word' id='word_1_202' title='bbox 265 2838 422 2898; x_wconf 76' lang='lat' dir='ltr'><strong>enim</strong></span> <span class='ocrx_word' id='word_1_203' title='bbox 466 2854 707 2917; x_wconf 82' lang='lat' dir='ltr'><strong>quoque</strong></span> <span class='ocrx_word' id='word_1_204' title='bbox 750 2838 1038 2919; x_wconf 88' lang='lat' dir='ltr'><strong>pleraque</strong></span> <span class='ocrx_word' id='word_1_205' title='bbox 1080 2835 1216 2906; x_wconf 85' lang='lat' dir='ltr'><strong>fore</strong></span> <span class='ocrx_word' id='word_1_206' title='bbox 1257 2848 1322 2902; x_wconf 89' lang='lat' dir='ltr'><strong>ut</strong></span> <span class='ocrx_word' id='word_1_207' title='bbox 1352 2841 1520 2922; x_wconf 88' lang='lat' dir='ltr'><strong>justo</strong></span> <span class='ocrx_word' id='word_1_208' title='bbox 1563 2840 1729 2918; x_wconf 81' lang='lat' dir='ltr'><strong>viro,</strong></span> <span class='ocrx_word' id='word_1_209' title='bbox 1773 2838 1992 2918; x_wconf 87' lang='lat' dir='ltr'><strong>quippe</strong></span> <span class='ocrx_word' id='word_1_210' title='bbox 2036 2840 2136 2919; x_wconf 85' lang='lat' dir='ltr'><strong>qui</strong></span> <span class='ocrx_word' id='word_1_211' title='bbox 2178 2835 2296 2902; x_wconf 90' lang='lat' dir='ltr'><strong>deo</strong></span> <span class='ocrx_word' id='word_1_212' title='bbox 2341 2856 2453 2900; x_wconf 60' lang='lat' dir='ltr'><strong>ca-i</strong></span> 
     </span>
     <span class='ocr_line' id='line_1_26' title="bbox 261 2925 2454 3032; baseline -0 -27"><span class='ocrx_word' id='word_1_213' title='bbox 261 2960 363 3006; x_wconf 91' lang='lat' dir='ltr'><strong>rus</strong></span> <span class='ocrx_word' id='word_1_214' title='bbox 403 2944 501 3022; x_wconf 82' lang='lat' dir='ltr'><strong>sit,</strong></span> <span class='ocrx_word' id='word_1_215' title='bbox 526 2961 701 3022; x_wconf 88' lang='lat' dir='ltr'><strong>quam</strong></span> <span class='ocrx_word' id='word_1_216' title='bbox 731 2925 1080 3007; x_wconf 73' lang='lat' dir='ltr'><strong>felicissime</strong></span> <span class='ocrx_word' id='word_1_217' title='bbox 1113 2946 1470 3028; x_wconf 77' lang='lat' dir='ltr'><strong>obtingant¹</strong></span> <span class='ocrx_word' id='word_1_218' title='bbox 1490 2949 1514 2985; x_wconf 82' lang='lat'>⁸</span> <span class='ocrx_word' id='word_1_219' title='bbox 1534 2949 1598 3019; x_wconf 86' lang='lat'><strong>¹)</strong></span> <span class='ocrx_word' id='word_1_220' title='bbox 1624 2981 1701 2992; x_wconf 89' lang='grc'><strong>-</strong></span> <span class='ocrx_word' id='word_1_221' title='bbox 1735 2961 1946 3006; x_wconf 85' lang='lat' dir='ltr'><strong>nenne</strong></span> <span class='ocrx_word' id='word_1_222' title='bbox 1967 2943 2059 3007; x_wconf 88' lang='lat' dir='ltr'><strong>his</strong></span> <span class='ocrx_word' id='word_1_223' title='bbox 2080 2943 2312 3032; x_wconf 82' lang='lat' dir='ltr'><strong>placitis</strong></span> <span class='ocrx_word' id='word_1_224' title='bbox 2327 2945 2454 3025; x_wconf 87' lang='lat' dir='ltr'><strong>jam</strong></span> 
     </span>
    </p>
   </div>
   <div class='ocr_carea' id='block_1_5' title="bbox 262 3121 665 3134">
    <p class='ocr_par' dir='ltr' id='par_1_5' title="bbox 262 3121 665 3134">
     <span class='ocr_line' id='line_1_27' title="bbox 262 3121 665 3134; baseline 0 1625"><span class='ocrx_word' id='word_1_225' title='bbox 262 3121 665 3134; x_wconf 95' lang='lat' dir='ltr'><strong> </strong></span> 
     </span>
    </p>
   </div>
   <div class='ocr_carea' id='block_1_6' title="bbox 264 3212 2461 3829">
    <p class='ocr_par' dir='ltr' id='par_1_6' title="bbox 264 3212 2461 3829">
     <span class='ocr_line' id='line_1_28' title="bbox 264 3212 2456 3286; baseline -0.001 -18"><span class='ocrx_word' id='word_1_226' title='bbox 264 3216 389 3283; x_wconf 78' lang='lat'>180)</span> <span class='ocrx_word' id='word_1_227' title='bbox 420 3216 613 3281; x_wconf 85' lang='lat' dir='ltr'><strong>Itaque</strong></span> <span class='ocrx_word' id='word_1_228' title='bbox 647 3213 789 3265; x_wconf 90' lang='lat' dir='ltr'><strong>haud</strong></span> <span class='ocrx_word' id='word_1_229' title='bbox 824 3212 1062 3284; x_wconf 86' lang='lat' dir='ltr'><strong>ineptum</strong></span> <span class='ocrx_word' id='word_1_230' title='bbox 1102 3221 1211 3283; x_wconf 83' lang='lat' dir='ltr'><strong>est,</strong></span> <span class='ocrx_word' id='word_1_231' title='bbox 1257 3218 1428 3286; x_wconf 89' lang='lat' dir='ltr'><strong>quod,</strong></span> <span class='ocrx_word' id='word_1_232' title='bbox 1464 3215 1520 3267; x_wconf 88' lang='lat' dir='ltr'><strong>ni</strong></span> <span class='ocrx_word' id='word_1_233' title='bbox 1553 3216 1739 3281; x_wconf 86' lang='lat' dir='ltr'><strong>fallor,</strong></span> <span class='ocrx_word' id='word_1_234' title='bbox 1788 3213 2265 3267; x_wconf 85' lang='lat' dir='ltr'><strong>Tertullianus</strong></span> <span class='ocrx_word' id='word_1_235' title='bbox 2302 3215 2456 3281; x_wconf 79' lang='lat' dir='ltr'><strong>dixit,-</strong></span> 
     </span>
     <span class='ocr_line' id='line_1_29' title="bbox 404 3304 2457 3374; baseline 0 -17"><span class='ocrx_word' id='word_1_236' title='bbox 404 3322 508 3358; x_wconf 82' lang='lat' dir='ltr'><strong>sua.</strong></span> <span class='ocrx_word' id='word_1_237' title='bbox 553 3310 730 3358; x_wconf 87' lang='lat' dir='ltr'><strong>aetate</strong></span> <span class='ocrx_word' id='word_1_238' title='bbox 762 3321 960 3373; x_wconf 86' lang='lat' dir='ltr'><strong>pueros</strong></span> <span class='ocrx_word' id='word_1_239' title='bbox 997 3305 1052 3357; x_wconf 92' lang='lat' dir='ltr'><strong>id</strong></span> <span class='ocrx_word' id='word_1_240' title='bbox 1090 3306 1252 3373; x_wconf 87' lang='lat' dir='ltr'><strong>scire,</strong></span> <span class='ocrx_word' id='word_1_241' title='bbox 1303 3307 1447 3374; x_wconf 88' lang='lat' dir='ltr'><strong>quod</strong></span> <span class='ocrx_word' id='word_1_242' title='bbox 1482 3311 1605 3357; x_wconf 89' lang='lat' dir='ltr'><strong>ante</strong></span> <span class='ocrx_word' id='word_1_243' title='bbox 1643 3304 1909 3358; x_wconf 82' lang='lat' dir='ltr'><strong>Christum</strong></span> <span class='ocrx_word' id='word_1_244' title='bbox 1944 3305 2325 3374; x_wconf 82' lang='lat' dir='ltr'><strong>sapientissimi</strong></span> <span class='ocrx_word' id='word_1_245' title='bbox 2357 3305 2457 3358; x_wconf 84' lang='lat' dir='ltr'><strong>viri</strong></span> 
     </span>
     <span class='ocr_line' id='line_1_30' title="bbox 403 3395 2458 3466; baseline 0 -17"><span class='ocrx_word' id='word_1_246' title='bbox 403 3396 499 3449; x_wconf 83' lang='lat' dir='ltr'><strong>vix</strong></span> <span class='ocrx_word' id='word_1_247' title='bbox 532 3402 709 3449; x_wconf 74' lang='lat' dir='ltr'><strong>men-te</strong></span> <span class='ocrx_word' id='word_1_248' title='bbox 755 3397 1268 3466; x_wconf 85' lang='lat' dir='ltr'><strong>comprehenderint.</strong></span> <span class='ocrx_word' id='word_1_249' title='bbox 1339 3397 1450 3449; x_wconf 83' lang='lat' dir='ltr'><strong>Cfr.</strong></span> <span class='ocrx_word' id='word_1_250' title='bbox 1496 3399 1657 3450; x_wconf 87' lang='lat' dir='ltr'><strong>verba</strong></span> <span class='ocrx_word' id='word_1_251' title='bbox 1695 3395 2072 3449; x_wconf 84' lang='lat' dir='ltr'><strong>Clementis</strong></span> <span class='ocrx_word' id='word_1_252' title='bbox 2107 3397 2458 3450; x_wconf 86' lang='lat' dir='ltr'><strong>Alexandrini</strong></span> 
     </span>
     <span class='ocr_line' id='line_1_31' title="bbox 402 3487 2458 3557; baseline -0 -17"><span class='ocrx_word' id='word_1_253' title='bbox 402 3487 464 3540; x_wconf 91' lang='lat' dir='ltr'><strong>in</strong></span> <span class='ocrx_word' id='word_1_254' title='bbox 497 3489 748 3540; x_wconf 84' lang='lat' dir='ltr'><strong>Stromat.</strong></span> <span class='ocrx_word' id='word_1_255' title='bbox 793 3489 834 3540; x_wconf 91' lang='lat'><strong>1.</strong></span> <span class='ocrx_word' id='word_1_256' title='bbox 872 3505 929 3555; x_wconf 90' lang='grc' dir='ltr'><strong>Ρ.</strong></span> <span class='ocrx_word' id='word_1_257' title='bbox 959 3489 1064 3541; x_wconf 82' lang='grc'><strong>282</strong></span> <span class='ocrx_word' id='word_1_258' title='bbox 1101 3489 1165 3554; x_wconf 87' lang='lat' dir='ltr'><strong>C,</strong></span> <span class='ocrx_word' id='word_1_259' title='bbox 1194 3503 1361 3555; x_wconf 88' lang='lat' dir='ltr'><strong>quae,</strong></span> <span class='ocrx_word' id='word_1_260' title='bbox 1410 3505 1574 3556; x_wconf 89' lang='lat' dir='ltr'><strong>quum</strong></span> <span class='ocrx_word' id='word_1_261' title='bbox 1622 3489 1762 3541; x_wconf 88' lang='lat' dir='ltr'><strong>hunc</strong></span> <span class='ocrx_word' id='word_1_262' title='bbox 1796 3488 1970 3557; x_wconf 90' lang='lat' dir='ltr'><strong>ipsum</strong></span> <span class='ocrx_word' id='word_1_263' title='bbox 2015 3487 2209 3539; x_wconf 88' lang='lat' dir='ltr'><strong>librum</strong></span> <span class='ocrx_word' id='word_1_264' title='bbox 2242 3503 2352 3539; x_wconf 89' lang='lat' dir='ltr'><strong>non</strong></span> <span class='ocrx_word' id='word_1_265' title='bbox 2388 3490 2458 3539; x_wconf 90' lang='lat' dir='ltr'><strong>ad</strong></span> 
     </span>
     <span class='ocr_line' id='line_1_32' title="bbox 402 3577 2458 3645; baseline -0.001 -14"><span class='ocrx_word' id='word_1_266' title='bbox 402 3594 619 3631; x_wconf 85' lang='lat' dir='ltr'><strong>manum</strong></span> <span class='ocrx_word' id='word_1_267' title='bbox 665 3577 916 3645; x_wconf 84' lang='lat' dir='ltr'><strong>habeam,</strong></span> <span class='ocrx_word' id='word_1_268' title='bbox 974 3594 1045 3629; x_wconf 87' lang='lat' dir='ltr'><strong>ex</strong></span> <span class='ocrx_word' id='word_1_269' title='bbox 1096 3578 1340 3631; x_wconf 84' lang='lat' dir='ltr'><strong>versione</strong></span> <span class='ocrx_word' id='word_1_270' title='bbox 1387 3579 1745 3632; x_wconf 87' lang='lat' dir='ltr'><strong>Friderici</strong></span> <span class='ocrx_word' id='word_1_271' title='bbox 1798 3579 2045 3630; x_wconf 85' lang='lat' dir='ltr'><strong>Iacobs</strong></span> <span class='ocrx_word' id='word_1_272' title='bbox 2100 3577 2458 3642; x_wconf 87' lang='lat' dir='ltr'><strong>(Vermischte</strong></span> 
     </span>
     <span class='ocr_line' id='line_1_33' title="bbox 406 3667 2461 3736; baseline 0 -15"><span class='ocrx_word' id='word_1_273' title='bbox 406 3667 676 3721; x_wconf 84' lang='lat' dir='ltr'><strong>Schriften</strong></span> <span class='ocrx_word' id='word_1_274' title='bbox 705 3671 747 3722; x_wconf 90' lang='grc' dir='ltr'><strong>Ι.</strong></span> <span class='ocrx_word' id='word_1_275' title='bbox 791 3685 843 3736; x_wconf 90' lang='lat' dir='ltr'><strong>p.</strong></span> <span class='ocrx_word' id='word_1_276' title='bbox 880 3668 974 3736; x_wconf 87' lang='lat'><strong>44)</strong></span> <span class='ocrx_word' id='word_1_277' title='bbox 1023 3668 1394 3721; x_wconf 83' lang='lat' dir='ltr'><strong>transcribam:</strong></span> <span class='ocrx_word' id='word_1_278' title='bbox 1441 3672 1551 3724; x_wconf 91' lang='lat' dir='ltr'><strong>Vor</strong></span> <span class='ocrx_word' id='word_1_279' title='bbox 1595 3672 1690 3723; x_wconf 89' lang='lat' dir='ltr'><strong>der</strong></span> <span class='ocrx_word' id='word_1_280' title='bbox 1733 3667 2104 3732; x_wconf 86' lang='lat' dir='ltr'><strong>Erscheiuung</strong></span> <span class='ocrx_word' id='word_1_281' title='bbox 2146 3668 2239 3720; x_wconf 85' lang='lat' dir='ltr'><strong>des</strong></span> <span class='ocrx_word' id='word_1_282' title='bbox 2283 3669 2461 3721; x_wconf 86' lang='lat' dir='ltr'><strong>Herrn</strong></span> 
     </span>
     <span class='ocr_line' id='line_1_34' title="bbox 402 3758 2460 3829; baseline -0 -17"><span class='ocrx_word' id='word_1_283' title='bbox 402 3776 513 3812; x_wconf 84' lang='lat' dir='ltr'><strong>war</strong></span> <span class='ocrx_word' id='word_1_284' title='bbox 559 3760 664 3811; x_wconf 91' lang='lat' dir='ltr'><strong>den</strong></span> <span class='ocrx_word' id='word_1_285' title='bbox 697 3761 964 3813; x_wconf 86' lang='lat' dir='ltr'><strong>Helleuen</strong></span> <span class='ocrx_word' id='word_1_286' title='bbox 1008 3758 1095 3824; x_wconf 84' lang='lat' dir='ltr'><strong>die</strong></span> <span class='ocrx_word' id='word_1_287' title='bbox 1129 3760 1473 3829; x_wconf 83' lang='lat' dir='ltr'><strong>Philosophie</strong></span> <span class='ocrx_word' id='word_1_288' title='bbox 1522 3779 1603 3813; x_wconf 92' lang='lat' dir='ltr'><strong>no</strong></span> <span class='ocrx_word' id='word_1_289' title='bbox 1623 3758 1975 3824; x_wconf 80' lang='lat' dir='ltr'><strong>thwendig</strong></span> <span class='ocrx_word' id='word_1_290' title='bbox 2009 3773 2107 3810; x_wconf 88' lang='lat' dir='ltr'><strong>zur</strong></span> <span class='ocrx_word' id='word_1_291' title='bbox 2140 3758 2460 3825; x_wconf 63' lang='lat' dir='ltr'><strong>Gerechtig-</strong></span> 
     </span>
    </p>
   </div>
   <div class='ocr_carea' id='block_1_7' title="bbox 401 3849 2547 3919">
    <p class='ocr_par' dir='ltr' id='par_1_7' title="bbox 401 3849 2547 3919">
     <span class='ocr_line' id='line_1_35' title="bbox 401 3849 2547 3919; baseline -0 -18"><span class='ocrx_word' id='word_1_292' title='bbox 401 3849 540 3914; x_wconf 81' lang='lat' dir='ltr'><strong>keit3</strong></span> <span class='ocrx_word' id='word_1_293' title='bbox 583 3849 721 3914; x_wconf 83' lang='lat' dir='ltr'><strong>jetzt</strong></span> <span class='ocrx_word' id='word_1_294' title='bbox 753 3850 827 3903; x_wconf 84' lang='lat' dir='ltr'><strong>ist</strong></span> <span class='ocrx_word' id='word_1_295' title='bbox 859 3850 938 3902; x_wconf 88' lang='lat' dir='ltr'><strong>sie</strong></span> <span class='ocrx_word' id='word_1_296' title='bbox 972 3852 1286 3905; x_wconf 84' lang='lat' dir='ltr'><strong>niitzlich</strong></span> <span class='ocrx_word' id='word_1_297' title='bbox 1333 3868 1431 3904; x_wconf 89' lang='lat' dir='ltr'><strong>zur</strong></span> <span class='ocrx_word' id='word_1_298' title='bbox 1482 3851 1892 3919; x_wconf 83' lang='lat' dir='ltr'><strong>Gottseligkeit,</strong></span> <span class='ocrx_word' id='word_1_299' title='bbox 1935 3850 2114 3902; x_wconf 88' lang='lat' dir='ltr'><strong>indem</strong></span> <span class='ocrx_word' id='word_1_300' title='bbox 2150 3849 2229 3901; x_wconf 87' lang='lat' dir='ltr'><strong>sie</strong></span> <span class='ocrx_word' id='word_1_301' title='bbox 2266 3850 2458 3916; x_wconf 87' lang='lat' dir='ltr'><strong>denen,</strong></span> <span class='ocrx_word' id='word_1_302' title='bbox 2544 3851 2547 3855; x_wconf 69' lang='grc'>“</span> 
     </span>
    </p>
   </div>
   <div class='ocr_carea' id='block_1_8' title="bbox 404 3940 2459 4086">
    <p class='ocr_par' dir='ltr' id='par_1_8' title="bbox 404 3940 2459 4086">
     <span class='ocr_line' id='line_1_36' title="bbox 404 3940 2459 4010; baseline 0 -18"><span class='ocrx_word' id='word_1_303' title='bbox 404 3940 606 3993; x_wconf 83' lang='lat' dir='ltr'><strong>welche</strong></span> <span class='ocrx_word' id='word_1_304' title='bbox 642 3942 781 3994; x_wconf 84' lang='lat' dir='ltr'><strong>nach</strong></span> <span class='ocrx_word' id='word_1_305' title='bbox 817 3943 936 3993; x_wconf 86' lang='lat' dir='ltr'><strong>dem</strong></span> <span class='ocrx_word' id='word_1_306' title='bbox 972 3943 1219 3995; x_wconf 87' lang='lat' dir='ltr'><strong>Glauben</strong></span> <span class='ocrx_word' id='word_1_307' title='bbox 1254 3941 1421 3995; x_wconf 82' lang='lat' dir='ltr'><strong>durch</strong></span> <span class='ocrx_word' id='word_1_308' title='bbox 1454 3943 1866 4010; x_wconf 76' lang='lat' dir='ltr'><strong>Beweisgriinde</strong></span> <span class='ocrx_word' id='word_1_309' title='bbox 1903 3941 2171 4008; x_wconf 86' lang='lat' dir='ltr'><strong>trachten‚</strong></span> <span class='ocrx_word' id='word_1_310' title='bbox 2206 3957 2277 3993; x_wconf 89' lang='lat' dir='ltr'><strong>zu</strong></span> <span class='ocrx_word' id='word_1_311' title='bbox 2311 3940 2459 3993; x_wconf 88' lang='lat' dir='ltr'><strong>einer</strong></span> 
     </span>
     <span class='ocr_line' id='line_1_37' title="bbox 407 4030 1000 4086; baseline 0.003 -2"><span class='ocrx_word' id='word_1_312' title='bbox 407 4030 699 4085; x_wconf 87' lang='lat' dir='ltr'><strong>Vorschule</strong></span> <span class='ocrx_word' id='word_1_313' title='bbox 736 4031 900 4086; x_wconf 88' lang='lat' dir='ltr'><strong>dient.</strong></span> <span class='ocrx_word' id='word_1_314' title='bbox 930 4060 1000 4070; x_wconf 92' lang='lat'><strong>—</strong></span> 
     </span>
    </p>
   </div>
   <div class='ocr_carea' id='block_1_9' title="bbox 279 4091 2457 4293">
    <p class='ocr_par' dir='ltr' id='par_1_9' title="bbox 279 4091 2457 4293">
     <span class='ocr_line' id='line_1_38' title="bbox 279 4091 2457 4193; baseline 0.001 -21"><span class='ocrx_word' id='word_1_315' title='bbox 279 4121 394 4190; x_wconf 84' lang='lat'><em>181)</em></span> <span class='ocrx_word' id='word_1_316' title='bbox 424 4124 507 4180; x_wconf 86' lang='lat' dir='ltr'><strong>De</strong></span> <span class='ocrx_word' id='word_1_317' title='bbox 540 4124 673 4192; x_wconf 88' lang='lat' dir='ltr'><strong>Rep.</strong></span> <span class='ocrx_word' id='word_1_318' title='bbox 710 4126 772 4179; x_wconf 90' lang='lat' dir='ltr'><strong>X.</strong></span> <span class='ocrx_word' id='word_1_319' title='bbox 810 4141 865 4192; x_wconf 87' lang='lat' dir='ltr'><strong>p.</strong></span> <span class='ocrx_word' id='word_1_320' title='bbox 899 4125 1005 4178; x_wconf 78' lang='lat'><strong>613</strong></span> <span class='ocrx_word' id='word_1_321' title='bbox 1037 4124 1110 4177; x_wconf 90' lang='lat' dir='ltr'><strong>A:</strong></span> <span class='ocrx_word' id='word_1_322' title='bbox 1155 4119 1225 4191; x_wconf 72' lang='grc' dir='ltr'><strong>τῷ</strong></span> <span class='ocrx_word' id='word_1_323' title='bbox 1266 4124 1508 4193; x_wconf 73' lang='grc' dir='ltr'><strong>θεοφιλεῖ</strong></span> <span class='ocrx_word' id='word_1_324' title='bbox 1541 4119 1637 4189; x_wconf 79' lang='grc' dir='ltr'><strong>οὐχ</strong></span> <span class='ocrx_word' id='word_1_325' title='bbox 1672 4114 2100 4193; x_wconf 74' lang='grc' dir='ltr'><strong><em>ὃμολογήσομεν,</em></strong></span> <span class='ocrx_word' id='word_1_326' title='bbox 2136 4120 2236 4178; x_wconf 82' lang='grc' dir='ltr'><strong>ὅσα</strong></span> <span class='ocrx_word' id='word_1_327' title='bbox 2259 4091 2326 4192; x_wconf 60' lang='grc' dir='ltr'><strong>1γε</strong></span> <span class='ocrx_word' id='word_1_328' title='bbox 2354 4118 2457 4177; x_wconf 75' lang='grc' dir='ltr'><strong>ἀπὸ</strong></span> 
     </span>
     <span class='ocr_line' id='line_1_39' title="bbox 1980 4232 2061 4293; baseline 0 0"><span class='ocrx_word' id='word_1_329' title='bbox 1980 4232 2061 4293; x_wconf 87' lang='grc'><strong>10</strong></span> 
     </span>
    </p>
   </div>
   <div class='ocr_carea' id='block_1_10' title="bbox 1431 4555 1696 4717">
    <p class='ocr_par' dir='ltr' id='par_1_10' title="bbox 1431 4555 1696 4717">
     <span class='ocr_line' id='line_1_40' title="bbox 1431 4555 1696 4717; baseline 0 -94"><span class='ocrx_word' id='word_1_330' title='bbox 1431 4555 1696 4717; x_wconf 45' lang='lat' dir='ltr'><strong>L..</strong></span> 
     </span>
    </p>
   </div>
  </div>
 </body>
</html>
