<?xml version="1.0" encoding="UTF-8"?>
<!DOCTYPE html PUBLIC "-//W3C//DTD XHTML 1.0 Transitional//EN"
    "http://www.w3.org/TR/xhtml1/DTD/xhtml1-transitional.dtd">
<html xmlns="http://www.w3.org/1999/xhtml" xml:lang="en" lang="en">
 <head>
  <title>
</title>
<meta http-equiv="Content-Type" content="text/html;charset=utf-8" />
  <meta name='ocr-system' content='tesseract 3.04.00' />
  <meta name='ocr-capabilities' content='ocr_page ocr_carea ocr_par ocr_line ocrx_word'/>
</head>
<body>
  <div class='ocr_page' id='page_1' title='image "./platonisdesummo00wehrgoog_0076.png"; bbox 0 0 2900 4759; ppageno 0'>
   <div class='ocr_carea' id='block_1_1' title="bbox 390 183 472 245">
    <p class='ocr_par' dir='ltr' id='par_1_1' title="bbox 390 183 472 245">
     <span class='ocr_line' id='line_1_1' title="bbox 390 183 472 245; baseline 0 0"><span class='ocrx_word' id='word_1_1' title='bbox 390 183 472 245; x_wconf 82' lang='lat'><strong>66</strong></span> 
     </span>
    </p>
   </div>
   <div class='ocr_carea' id='block_1_2' title="bbox 300 335 2595 3732">
    <p class='ocr_par' dir='ltr' id='par_1_2' title="bbox 300 335 2595 3732">
     <span class='ocr_line' id='line_1_2' title="bbox 389 335 2594 436; baseline 0 -20"><span class='ocrx_word' id='word_1_2' title='bbox 389 354 622 419; x_wconf 83' lang='lat' dir='ltr'><strong>Platoni</strong></span> <span class='ocrx_word' id='word_1_3' title='bbox 681 372 805 419; x_wconf 88' lang='lat' dir='ltr'><strong>non</strong></span> <span class='ocrx_word' id='word_1_4' title='bbox 849 335 1163 435; x_wconf 79' lang='lat' dir='ltr'><strong>probatum</strong></span> <span class='ocrx_word' id='word_1_5' title='bbox 1206 353 1427 432; x_wconf 79' lang='lat' dir='ltr'><strong>fuisse,</strong></span> <span class='ocrx_word' id='word_1_6' title='bbox 1490 372 1670 434; x_wconf 79' lang='lat' dir='ltr'><strong>quum</strong></span> <span class='ocrx_word' id='word_1_7' title='bbox 1724 355 1869 418; x_wconf 90' lang='lat' dir='ltr'><strong>inde</strong></span> <span class='ocrx_word' id='word_1_8' title='bbox 1914 362 2193 436; x_wconf 74' lang='lat' dir='ltr'><strong>apparet,</strong></span> <span class='ocrx_word' id='word_1_9' title='bbox 2240 354 2405 435; x_wconf 87' lang='lat' dir='ltr'><strong>quod</strong></span> <span class='ocrx_word' id='word_1_10' title='bbox 2444 371 2594 433; x_wconf 86' lang='lat' dir='ltr'><strong>per-</strong></span> 
     </span>
     <span class='ocr_line' id='line_1_3' title="bbox 385 460 2594 544; baseline -0 -20"><span class='ocrx_word' id='word_1_11' title='bbox 385 460 606 524; x_wconf 77' lang='lat' dir='ltr'><strong>fectum</strong></span> <span class='ocrx_word' id='word_1_12' title='bbox 662 462 841 523; x_wconf 90' lang='lat' dir='ltr'><strong>vitam</strong></span> <span class='ocrx_word' id='word_1_13' title='bbox 895 479 1013 523; x_wconf 89' lang='lat' dir='ltr'><strong>nec</strong></span> <span class='ocrx_word' id='word_1_14' title='bbox 1071 463 1233 524; x_wconf 90' lang='lat' dir='ltr'><strong>omni</strong></span> <span class='ocrx_word' id='word_1_15' title='bbox 1286 462 1542 523; x_wconf 88' lang='lat' dir='ltr'><strong>scientia</strong></span> <span class='ocrx_word' id='word_1_16' title='bbox 1595 478 1713 523; x_wconf 90' lang='lat' dir='ltr'><strong>nec</strong></span> <span class='ocrx_word' id='word_1_17' title='bbox 1764 461 2070 541; x_wconf 83' lang='lat' dir='ltr'><strong>voluptate</strong></span> <span class='ocrx_word' id='word_1_18' title='bbox 2133 480 2346 544; x_wconf 89' lang='lat' dir='ltr'><strong>carere</strong></span> <span class='ocrx_word' id='word_1_19' title='bbox 2407 477 2594 540; x_wconf 85' lang='lat' dir='ltr'><strong>posse</strong></span> 
     </span>
     <span class='ocr_line' id='line_1_4' title="bbox 385 566 2595 648; baseline -0.002 -17"><span class='ocrx_word' id='word_1_20' title='bbox 385 568 587 631; x_wconf 78' lang='lat' dir='ltr'><strong>statuit</strong></span> <span class='ocrx_word' id='word_1_21' title='bbox 630 566 890 642; x_wconf 84' lang='lat' dir='ltr'><strong>(Phileb.</strong></span> <span class='ocrx_word' id='word_1_22' title='bbox 936 585 994 648; x_wconf 88' lang='lat' dir='ltr'><strong>p.</strong></span> <span class='ocrx_word' id='word_1_23' title='bbox 1041 567 1146 630; x_wconf 85' lang='lat'><strong>21.</strong></span> <span class='ocrx_word' id='word_1_24' title='bbox 1196 567 1339 644; x_wconf 80' lang='lat'><strong>22),</strong></span> <span class='ocrx_word' id='word_1_25' title='bbox 1384 573 1509 629; x_wconf 88' lang='lat' dir='ltr'><strong>tum</strong></span> <span class='ocrx_word' id='word_1_26' title='bbox 1555 586 1591 629; x_wconf 92' lang='lat' dir='ltr'><strong>e</strong></span> <span class='ocrx_word' id='word_1_27' title='bbox 1634 568 1923 629; x_wconf 76' lang='lat' dir='ltr'><strong>mixtione</strong></span> <span class='ocrx_word' id='word_1_28' title='bbox 1966 567 2068 629; x_wconf 86' lang='lat' dir='ltr'><strong>illa</strong></span> <span class='ocrx_word' id='word_1_29' title='bbox 2109 568 2432 644; x_wconf 88' lang='lat' dir='ltr'><strong>bonorum,</strong></span> <span class='ocrx_word' id='word_1_30' title='bbox 2477 583 2595 645; x_wconf 81' lang='lat' dir='ltr'><strong>qua</strong></span> 
     </span>
     <span class='ocr_line' id='line_1_5' title="bbox 300 672 2591 752; baseline -0.001 -16"><span class='ocrx_word' id='word_1_31' title='bbox 300 707 311 720; x_wconf 89' lang='lat'><strong>·</strong></span> <span class='ocrx_word' id='word_1_32' title='bbox 379 675 559 736; x_wconf 88' lang='lat' dir='ltr'><strong>vitam</strong></span> <span class='ocrx_word' id='word_1_33' title='bbox 602 673 839 735; x_wconf 85' lang='lat' dir='ltr'><strong>beatam</strong></span> <span class='ocrx_word' id='word_1_34' title='bbox 885 672 1044 735; x_wconf 87' lang='lat' dir='ltr'><strong>effici</strong></span> <span class='ocrx_word' id='word_1_35' title='bbox 1088 679 1150 735; x_wconf 92' lang='lat' dir='ltr'><strong>et</strong></span> <span class='ocrx_word' id='word_1_36' title='bbox 1187 673 1531 752; x_wconf 89' lang='lat' dir='ltr'><strong>voluptates</strong></span> <span class='ocrx_word' id='word_1_37' title='bbox 1576 673 1866 752; x_wconf 81' lang='lat' dir='ltr'><strong>quasdam</strong></span> <span class='ocrx_word' id='word_1_38' title='bbox 1908 692 2034 736; x_wconf 90' lang='lat' dir='ltr'><strong>non</strong></span> <span class='ocrx_word' id='word_1_39' title='bbox 2078 691 2220 738; x_wconf 85' lang='lat' dir='ltr'><strong>esse</strong></span> <span class='ocrx_word' id='word_1_40' title='bbox 2250 672 2591 736; x_wconf 85' lang='lat' dir='ltr'><strong>excluden-</strong></span> 
     </span>
     <span class='ocr_line' id='line_1_6' title="bbox 374 777 2587 860; baseline -0.001 -18"><span class='ocrx_word' id='word_1_41' title='bbox 374 780 523 858; x_wconf 79' lang='lat' dir='ltr'><strong>daS,</strong></span> <span class='ocrx_word' id='word_1_42' title='bbox 584 780 646 841; x_wconf 89' lang='lat' dir='ltr'><strong>in</strong></span> <span class='ocrx_word' id='word_1_43' title='bbox 689 784 961 841; x_wconf 86' lang='lat' dir='ltr'><strong>extremo</strong></span> <span class='ocrx_word' id='word_1_44' title='bbox 1018 779 1267 841; x_wconf 86' lang='lat' dir='ltr'>Philebo</span> <span class='ocrx_word' id='word_1_45' title='bbox 1327 779 1533 841; x_wconf 89' lang='lat' dir='ltr'><strong>docuit</strong></span> <span class='ocrx_word' id='word_1_46' title='bbox 1577 778 1743 854; x_wconf 82' lang='lat' dir='ltr'><strong>(vid.</strong></span> <span class='ocrx_word' id='word_1_47' title='bbox 1799 782 1952 860; x_wconf 83' lang='lat' dir='ltr'><strong>inpr.</strong></span> <span class='ocrx_word' id='word_1_48' title='bbox 1998 799 2057 860; x_wconf 91' lang='lat' dir='ltr'><strong>p.</strong></span> <span class='ocrx_word' id='word_1_49' title='bbox 2103 778 2184 842; x_wconf 81' lang='lat'><strong>63</strong></span> <span class='ocrx_word' id='word_1_50' title='bbox 2230 780 2302 842; x_wconf 90' lang='grc' dir='ltr'><strong>Ε.</strong></span> <span class='ocrx_word' id='word_1_51' title='bbox 2347 777 2433 841; x_wconf 87' lang='grc'><strong>64</strong></span> <span class='ocrx_word' id='word_1_52' title='bbox 2476 778 2587 853; x_wconf 81' lang='lat' dir='ltr'><strong>C).</strong></span> 
     </span>
     <span class='ocr_line' id='line_1_7' title="bbox 379 884 2589 967; baseline 0 -19"><span class='ocrx_word' id='word_1_53' title='bbox 379 887 756 967; x_wconf 82' lang='lat' dir='ltr'><strong>Voluptatem</strong></span> <span class='ocrx_word' id='word_1_54' title='bbox 803 892 903 947; x_wconf 87' lang='lat' dir='ltr'><strong>aut</strong></span> <span class='ocrx_word' id='word_1_55' title='bbox 954 887 1135 947; x_wconf 86' lang='lat' dir='ltr'><strong>unice</strong></span> <span class='ocrx_word' id='word_1_56' title='bbox 1180 891 1280 947; x_wconf 88' lang='lat' dir='ltr'><strong>aut</strong></span> <span class='ocrx_word' id='word_1_57' title='bbox 1323 886 1581 946; x_wconf 80' lang='lat' dir='ltr'><strong>maxime</strong></span> <span class='ocrx_word' id='word_1_58' title='bbox 1626 887 1857 964; x_wconf 89' lang='lat' dir='ltr'><strong>expeti,</strong></span> <span class='ocrx_word' id='word_1_59' title='bbox 1913 888 2131 965; x_wconf 85' lang='lat' dir='ltr'><strong>vetuit,</strong></span> <span class='ocrx_word' id='word_1_60' title='bbox 2188 884 2589 967; x_wconf 79' lang='lat' dir='ltr'><strong>expetendam</strong></span> 
     </span>
     <span class='ocr_line' id='line_1_8' title="bbox 377 991 2586 1070; baseline 0 -14"><span class='ocrx_word' id='word_1_61' title='bbox 377 1011 511 1056; x_wconf 82' lang='lat' dir='ltr'><strong>eam</strong></span> <span class='ocrx_word' id='word_1_62' title='bbox 555 1009 698 1056; x_wconf 87' lang='lat' dir='ltr'><strong>esse</strong></span> <span class='ocrx_word' id='word_1_63' title='bbox 744 998 806 1052; x_wconf 91' lang='lat' dir='ltr'><strong>et</strong></span> <span class='ocrx_word' id='word_1_64' title='bbox 845 992 1071 1052; x_wconf 85' lang='lat' dir='ltr'><strong>bonum</strong></span> <span class='ocrx_word' id='word_1_65' title='bbox 1118 1009 1190 1051; x_wconf 90' lang='lat' dir='ltr'><strong>ac</strong></span> <span class='ocrx_word' id='word_1_66' title='bbox 1236 991 1651 1053; x_wconf 83' lang='lat' dir='ltr'><strong>necessarium</strong></span> <span class='ocrx_word' id='word_1_67' title='bbox 1696 991 1839 1070; x_wconf 83' lang='lat' dir='ltr'><strong>quid</strong></span> <span class='ocrx_word' id='word_1_68' title='bbox 1885 992 1963 1053; x_wconf 91' lang='lat' dir='ltr'><strong>ad</strong></span> <span class='ocrx_word' id='word_1_69' title='bbox 2006 992 2187 1056; x_wconf 87' lang='lat' dir='ltr'><strong>beate</strong></span> <span class='ocrx_word' id='word_1_70' title='bbox 2241 991 2586 1069; x_wconf 86' lang='lat' dir='ltr'><strong>vivendum,</strong></span> 
     </span>
     <span class='ocr_line' id='line_1_9' title="bbox 374 1096 2585 1181; baseline -0.004 -20"><span class='ocrx_word' id='word_1_71' title='bbox 374 1115 501 1163; x_wconf 92' lang='lat' dir='ltr'><strong>non</strong></span> <span class='ocrx_word' id='word_1_72' title='bbox 545 1099 792 1181; x_wconf 86' lang='lat' dir='ltr'><strong>negavit</strong></span> <span class='ocrx_word' id='word_1_73' title='bbox 825 1102 957 1173; x_wconf 76' lang='lat'><strong>⁵⁰).</strong></span> <span class='ocrx_word' id='word_1_74' title='bbox 1014 1097 1227 1176; x_wconf 83' lang='lat' dir='ltr'><strong>Neque</strong></span> <span class='ocrx_word' id='word_1_75' title='bbox 1270 1115 1420 1159; x_wconf 87' lang='lat' dir='ltr'><strong>vero</strong></span> <span class='ocrx_word' id='word_1_76' title='bbox 1468 1114 1682 1159; x_wconf 85' lang='lat' dir='ltr'><strong>omnes</strong></span> <span class='ocrx_word' id='word_1_77' title='bbox 1725 1096 2063 1177; x_wconf 87' lang='lat' dir='ltr'><strong>voluptates</strong></span> <span class='ocrx_word' id='word_1_78' title='bbox 2108 1100 2242 1162; x_wconf 90' lang='lat' dir='ltr'><strong>sine</strong></span> <span class='ocrx_word' id='word_1_79' title='bbox 2285 1097 2407 1161; x_wconf 89' lang='lat' dir='ltr'><strong>ullo</strong></span> <span class='ocrx_word' id='word_1_80' title='bbox 2452 1097 2585 1160; x_wconf 80' lang='lat' dir='ltr'><strong>dis-</strong></span> 
     </span>
     <span class='ocr_line' id='line_1_10' title="bbox 375 1201 2586 1287; baseline 0 -18"><span class='ocrx_word' id='word_1_81' title='bbox 375 1208 623 1269; x_wconf 80' lang='lat' dir='ltr'><strong>crimine</strong></span> <span class='ocrx_word' id='word_1_82' title='bbox 687 1204 982 1282; x_wconf 90' lang='lat' dir='ltr'><strong>laudavit,</strong></span> <span class='ocrx_word' id='word_1_83' title='bbox 1061 1203 1177 1267; x_wconf 90' lang='lat' dir='ltr'><strong>sed</strong></span> <span class='ocrx_word' id='word_1_84' title='bbox 1240 1221 1317 1266; x_wconf 94' lang='lat' dir='ltr'><strong>eo</strong></span> <span class='ocrx_word' id='word_1_85' title='bbox 1377 1203 1633 1267; x_wconf 91' lang='lat' dir='ltr'><strong>consilio</strong></span> <span class='ocrx_word' id='word_1_86' title='bbox 1695 1201 1907 1265; x_wconf 87' lang='lat' dir='ltr'><strong>harum</strong></span> <span class='ocrx_word' id='word_1_87' title='bbox 1970 1223 2201 1287; x_wconf 87' lang='lat' dir='ltr'><strong>genera</strong></span> <span class='ocrx_word' id='word_1_88' title='bbox 2247 1212 2309 1268; x_wconf 89' lang='lat' dir='ltr'><strong>et</strong></span> <span class='ocrx_word' id='word_1_89' title='bbox 2357 1203 2586 1277; x_wconf 79' lang='lat' dir='ltr'><strong>formas</strong></span> 
     </span>
     <span class='ocr_line' id='line_1_11' title="bbox 371 1309 2588 1392; baseline -0.002 -16"><span class='ocrx_word' id='word_1_90' title='bbox 371 1317 545 1376; x_wconf 82' lang='lat' dir='ltr'><strong>acute</strong></span> <span class='ocrx_word' id='word_1_91' title='bbox 590 1311 877 1387; x_wconf 87' lang='lat' dir='ltr'><strong>distinxit,</strong></span> <span class='ocrx_word' id='word_1_92' title='bbox 921 1316 987 1371; x_wconf 89' lang='lat' dir='ltr'><strong>ut</strong></span> <span class='ocrx_word' id='word_1_93' title='bbox 1032 1309 1409 1388; x_wconf 82' lang='lat' dir='ltr'><strong>ostenderet,</strong></span> <span class='ocrx_word' id='word_1_94' title='bbox 1458 1328 1614 1389; x_wconf 89' lang='lat' dir='ltr'><strong>quae</strong></span> <span class='ocrx_word' id='word_1_95' title='bbox 1659 1316 1721 1372; x_wconf 91' lang='lat' dir='ltr'><strong>et</strong></span> <span class='ocrx_word' id='word_1_96' title='bbox 1764 1310 1975 1389; x_wconf 77' lang='lat' dir='ltr'><strong>quales</strong></span> <span class='ocrx_word' id='word_1_97' title='bbox 2003 1311 2341 1392; x_wconf 88' lang='lat' dir='ltr'><strong>voluptates</strong></span> <span class='ocrx_word' id='word_1_98' title='bbox 2377 1317 2588 1376; x_wconf 86' lang='lat' dir='ltr'><strong>essent</strong></span> 
     </span>
     <span class='ocr_line' id='line_1_12' title="bbox 370 1416 2582 1498; baseline 0 -17"><span class='ocrx_word' id='word_1_99' title='bbox 370 1416 772 1498; x_wconf 84' lang='lat' dir='ltr'><strong>expetendae.</strong></span> <span class='ocrx_word' id='word_1_100' title='bbox 831 1416 1048 1497; x_wconf 88' lang='lat' dir='ltr'><strong>Rejicit</strong></span> <span class='ocrx_word' id='word_1_101' title='bbox 1090 1432 1306 1477; x_wconf 89' lang='lat' dir='ltr'><strong>omnes</strong></span> <span class='ocrx_word' id='word_1_102' title='bbox 1351 1431 1482 1493; x_wconf 89' lang='lat' dir='ltr'><strong>eas,</strong></span> <span class='ocrx_word' id='word_1_103' title='bbox 1523 1433 1686 1494; x_wconf 79' lang='lat' dir='ltr'><strong>quae</strong></span> <span class='ocrx_word' id='word_1_104' title='bbox 1730 1416 1958 1478; x_wconf 88' lang='lat' dir='ltr'><strong>infinita</strong></span> <span class='ocrx_word' id='word_1_105' title='bbox 1998 1419 2237 1481; x_wconf 89' lang='lat' dir='ltr'><strong>ratione</strong></span> <span class='ocrx_word' id='word_1_106' title='bbox 2278 1436 2389 1497; x_wconf 86' lang='lat' dir='ltr'><strong>per</strong></span> <span class='ocrx_word' id='word_1_107' title='bbox 2434 1436 2582 1482; x_wconf 88' lang='lat' dir='ltr'><strong>cor-</strong></span> 
     </span>
     <span class='ocr_line' id='line_1_13' title="bbox 367 1519 2582 1606; baseline -0 -20"><span class='ocrx_word' id='word_1_108' title='bbox 367 1541 481 1606; x_wconf 92' lang='lat' dir='ltr'><strong>pus</strong></span> <span class='ocrx_word' id='word_1_109' title='bbox 527 1525 907 1601; x_wconf 89' lang='lat' dir='ltr'><strong>animumque</strong></span> <span class='ocrx_word' id='word_1_110' title='bbox 950 1519 1221 1582; x_wconf 87' lang='lat' dir='ltr'><strong>ferantur</strong></span> <span class='ocrx_word' id='word_1_111' title='bbox 1265 1538 1507 1583; x_wconf 90' lang='lat' dir='ltr'><strong>omnem</strong></span> <span class='ocrx_word' id='word_1_112' title='bbox 1551 1529 1951 1600; x_wconf 86' lang='lat' dir='ltr'><strong>aspernantes</strong></span> <span class='ocrx_word' id='word_1_113' title='bbox 1994 1523 2239 1586; x_wconf 88' lang='lat' dir='ltr'><strong>modum</strong></span> <span class='ocrx_word' id='word_1_114' title='bbox 2270 1531 2331 1587; x_wconf 89' lang='lat' dir='ltr'><strong>et</strong></span> <span class='ocrx_word' id='word_1_115' title='bbox 2357 1524 2582 1606; x_wconf 85' lang='lat' dir='ltr'><strong>legem.</strong></span> 
     </span>
     <span class='ocr_line' id='line_1_14' title="bbox 370 1612 2584 1709; baseline 0.002 -18"><span class='ocrx_word' id='word_1_116' title='bbox 370 1629 529 1704; x_wconf 78' lang='lat' dir='ltr'><strong>Quid</strong></span> <span class='ocrx_word' id='word_1_117' title='bbox 571 1634 767 1691; x_wconf 90' lang='lat' dir='ltr'><strong>autem</strong></span> <span class='ocrx_word' id='word_1_118' title='bbox 814 1627 999 1691; x_wconf 87' lang='lat' dir='ltr'><strong>docet</strong></span> <span class='ocrx_word' id='word_1_119' title='bbox 1052 1612 1195 1689; x_wconf 78' lang='lat' dir='ltr'><strong>esse</strong></span> <span class='ocrx_word' id='word_1_120' title='bbox 1249 1627 1342 1705; x_wconf 89' lang='lat' dir='ltr'><strong>id,</strong></span> <span class='ocrx_word' id='word_1_121' title='bbox 1402 1627 1568 1706; x_wconf 90' lang='lat' dir='ltr'><strong>quod</strong></span> <span class='ocrx_word' id='word_1_122' title='bbox 1623 1627 2021 1707; x_wconf 86' lang='lat' dir='ltr'><strong>voluptatibus</strong></span> <span class='ocrx_word' id='word_1_123' title='bbox 2074 1647 2188 1709; x_wconf 88' lang='lat' dir='ltr'><strong>per</strong></span> <span class='ocrx_word' id='word_1_124' title='bbox 2230 1648 2300 1693; x_wconf 90' lang='lat' dir='ltr'><strong>se</strong></span> <span class='ocrx_word' id='word_1_125' title='bbox 2342 1630 2584 1696; x_wconf 77' lang='lat' dir='ltr'><strong>infinitis</strong></span> 
     </span>
     <span class='ocr_line' id='line_1_15' title="bbox 366 1732 2586 1817; baseline 0.001 -21"><span class='ocrx_word' id='word_1_126' title='bbox 366 1734 713 1815; x_wconf 86' lang='lat' dir='ltr'><strong>nullumque</strong></span> <span class='ocrx_word' id='word_1_127' title='bbox 766 1734 946 1795; x_wconf 87' lang='lat' dir='ltr'><strong>finem</strong></span> <span class='ocrx_word' id='word_1_128' title='bbox 1002 1732 1327 1813; x_wconf 87' lang='lat' dir='ltr'><strong>appetendi</strong></span> <span class='ocrx_word' id='word_1_129' title='bbox 1370 1734 1432 1795; x_wconf 91' lang='lat' dir='ltr'><strong>in</strong></span> <span class='ocrx_word' id='word_1_130' title='bbox 1478 1752 1548 1796; x_wconf 93' lang='lat' dir='ltr'><strong>se</strong></span> <span class='ocrx_word' id='word_1_131' title='bbox 1591 1736 1945 1817; x_wconf 84' lang='lat' dir='ltr'><strong>gerentibus</strong></span> <span class='ocrx_word' id='word_1_132' title='bbox 2003 1736 2247 1800; x_wconf 90' lang='lat' dir='ltr'><strong>modum</strong></span> <span class='ocrx_word' id='word_1_133' title='bbox 2301 1744 2363 1800; x_wconf 91' lang='lat' dir='ltr'><strong>et</strong></span> <span class='ocrx_word' id='word_1_134' title='bbox 2401 1737 2586 1799; x_wconf 84' lang='lat' dir='ltr'><strong>finem</strong></span> 
     </span>
     <span class='ocr_line' id='line_1_16' title="bbox 368 1838 2579 1924; baseline 0.001 -19"><span class='ocrx_word' id='word_1_135' title='bbox 368 1841 736 1905; x_wconf 80' lang='lat' dir='ltr'><strong>constituat?</strong></span> <span class='ocrx_word' id='word_1_136' title='bbox 796 1839 1097 1921; x_wconf 87' lang='lat' dir='ltr'><strong>Cognovit</strong></span> <span class='ocrx_word' id='word_1_137' title='bbox 1139 1838 1259 1901; x_wconf 89' lang='lat' dir='ltr'><strong>hoc</strong></span> <span class='ocrx_word' id='word_1_138' title='bbox 1304 1857 1383 1901; x_wconf 82' lang='lat' dir='ltr'><strong>ex</strong></span> <span class='ocrx_word' id='word_1_139' title='bbox 1427 1840 1920 1905; x_wconf 86' lang='lat' dir='ltr'><strong>consideratione</strong></span> <span class='ocrx_word' id='word_1_140' title='bbox 1975 1859 2252 1921; x_wconf 82' lang='lat' dir='ltr'><strong>purarum</strong></span> <span class='ocrx_word' id='word_1_141' title='bbox 2296 1843 2579 1924; x_wconf 83' lang='lat' dir='ltr'><strong>volupta-</strong></span> 
     </span>
     <span class='ocr_line' id='line_1_17' title="bbox 363 1947 2577 2027; baseline 0.001 -17"><span class='ocrx_word' id='word_1_142' title='bbox 363 1957 505 2011; x_wconf 86' lang='lat' dir='ltr'><strong>tum.</strong></span> <span class='ocrx_word' id='word_1_143' title='bbox 596 1948 766 2021; x_wconf 80' lang='lat' dir='ltr'><strong>Quae</strong></span> <span class='ocrx_word' id='word_1_144' title='bbox 811 1964 989 2025; x_wconf 86' lang='lat' dir='ltr'><strong>quum</strong></span> <span class='ocrx_word' id='word_1_145' title='bbox 1034 1947 1278 2008; x_wconf 88' lang='lat' dir='ltr'><strong>nonnisi</strong></span> <span class='ocrx_word' id='word_1_146' title='bbox 1325 1964 1459 2007; x_wconf 79' lang='lat' dir='ltr'><strong>cum</strong></span> <span class='ocrx_word' id='word_1_147' title='bbox 1503 1948 1683 2009; x_wconf 88' lang='lat' dir='ltr'><strong>animi</strong></span> <span class='ocrx_word' id='word_1_148' title='bbox 1726 1954 1939 2011; x_wconf 83' lang='lat' dir='ltr'><strong>natura</strong></span> <span class='ocrx_word' id='word_1_149' title='bbox 1982 1947 2350 2027; x_wconf 85' lang='lat' dir='ltr'><strong>perficienda</strong></span> <span class='ocrx_word' id='word_1_150' title='bbox 2393 1956 2455 2016; x_wconf 86' lang='lat' dir='ltr'><strong>et</strong></span> <span class='ocrx_word' id='word_1_151' title='bbox 2497 1951 2577 2013; x_wconf 90' lang='lat' dir='ltr'><strong>ad</strong></span> 
     </span>
     <span class='ocr_line' id='line_1_18' title="bbox 362 2052 2574 2137; baseline 0.001 -21"><span class='ocrx_word' id='word_1_152' title='bbox 362 2055 672 2137; x_wconf 90' lang='lat' dir='ltr'><strong>pristinum</strong></span> <span class='ocrx_word' id='word_1_153' title='bbox 715 2070 1049 2132; x_wconf 87' lang='lat' dir='ltr'><strong>verumque</strong></span> <span class='ocrx_word' id='word_1_154' title='bbox 1093 2058 1306 2114; x_wconf 87' lang='lat' dir='ltr'><strong>statum</strong></span> <span class='ocrx_word' id='word_1_155' title='bbox 1350 2052 1708 2116; x_wconf 88' lang='lat' dir='ltr'><strong>reducenda</strong></span> <span class='ocrx_word' id='word_1_156' title='bbox 1752 2056 2044 2132; x_wconf 71' lang='lat' dir='ltr'><strong>existant,</strong></span> <span class='ocrx_word' id='word_1_157' title='bbox 2087 2053 2243 2117; x_wconf 85' lang='lat' dir='ltr'><strong>haec</strong></span> <span class='ocrx_word' id='word_1_158' title='bbox 2285 2056 2414 2134; x_wconf 61' lang='lat' dir='ltr'><strong>ipsa,</strong></span> <span class='ocrx_word' id='word_1_159' title='bbox 2455 2056 2574 2118; x_wconf 83' lang='lat' dir='ltr'><strong>hu-</strong></span> 
     </span>
     <span class='ocr_line' id='line_1_19' title="bbox 359 2157 2568 2242; baseline 0.001 -19"><span class='ocrx_word' id='word_1_160' title='bbox 359 2179 578 2224; x_wconf 80' lang='lat' dir='ltr'><strong>manae</strong></span> <span class='ocrx_word' id='word_1_161' title='bbox 619 2167 871 2222; x_wconf 89' lang='lat' dir='ltr'><strong>naturae</strong></span> <span class='ocrx_word' id='word_1_162' title='bbox 912 2157 1207 2239; x_wconf 80' lang='lat' dir='ltr'><strong>perfectio</strong></span> <span class='ocrx_word' id='word_1_163' title='bbox 1253 2166 1346 2222; x_wconf 90' lang='lat' dir='ltr'><strong>est</strong></span> <span class='ocrx_word' id='word_1_164' title='bbox 1390 2159 1546 2237; x_wconf 79' lang='lat' dir='ltr'><strong>finiS‚</strong></span> <span class='ocrx_word' id='word_1_165' title='bbox 1592 2160 1692 2239; x_wconf 90' lang='lat' dir='ltr'><strong>qui</strong></span> <span class='ocrx_word' id='word_1_166' title='bbox 1734 2161 1796 2221; x_wconf 91' lang='lat' dir='ltr'><strong>in</strong></span> <span class='ocrx_word' id='word_1_167' title='bbox 1822 2159 1932 2222; x_wconf 56' lang='lat' dir='ltr'><strong>‘his</strong></span> <span class='ocrx_word' id='word_1_168' title='bbox 1975 2160 2377 2241; x_wconf 87' lang='lat' dir='ltr'><strong>voluptatibus</strong></span> <span class='ocrx_word' id='word_1_169' title='bbox 2421 2182 2568 2242; x_wconf 89' lang='lat' dir='ltr'><strong>per-</strong></span> 
     </span>
     <span class='ocr_line' id='line_1_20' title="bbox 361 2245 2570 2349; baseline 0.001 -19"><span class='ocrx_word' id='word_1_170' title='bbox 361 2245 634 2330; x_wconf 65' lang='lat' dir='ltr'><strong>fruendis</strong></span> <span class='ocrx_word' id='word_1_171' title='bbox 678 2272 801 2326; x_wconf 91' lang='lat' dir='ltr'><strong>tam</strong></span> <span class='ocrx_word' id='word_1_172' title='bbox 844 2264 1280 2344; x_wconf 75' lang='lat' dir='ltr'><strong>quadamtenus</strong></span> <span class='ocrx_word' id='word_1_173' title='bbox 1317 2267 1442 2346; x_wconf 88' lang='lat' dir='ltr'><strong>jam</strong></span> <span class='ocrx_word' id='word_1_174' title='bbox 1489 2266 1795 2347; x_wconf 87' lang='lat' dir='ltr'><strong>attingitur</strong></span> <span class='ocrx_word' id='word_1_175' title='bbox 1837 2285 2013 2346; x_wconf 85' lang='lat' dir='ltr'><strong>quam</strong></span> <span class='ocrx_word' id='word_1_176' title='bbox 2058 2270 2371 2347; x_wconf 86' lang='lat' dir='ltr'><strong>appetitur.</strong></span> <span class='ocrx_word' id='word_1_177' title='bbox 2431 2269 2570 2349; x_wconf 81' lang='lat' dir='ltr'><strong>Ap·-</strong></span> 
     </span>
     <span class='ocr_line' id='line_1_21' title="bbox 361 2371 2568 2454; baseline 0.002 -18"><span class='ocrx_word' id='word_1_178' title='bbox 361 2375 565 2454; x_wconf 86' lang='lat' dir='ltr'><strong>petitio</strong></span> <span class='ocrx_word' id='word_1_179' title='bbox 594 2378 808 2442; x_wconf 74' lang='lat' dir='ltr'><strong>,autem</strong></span> <span class='ocrx_word' id='word_1_180' title='bbox 854 2373 966 2434; x_wconf 89' lang='lat' dir='ltr'><strong>ista</strong></span> <span class='ocrx_word' id='word_1_181' title='bbox 1008 2371 1266 2450; x_wconf 87' lang='lat' dir='ltr'><strong>infinita,</strong></span> <span class='ocrx_word' id='word_1_182' title='bbox 1315 2389 1470 2451; x_wconf 86' lang='lat' dir='ltr'><strong>quae</strong></span> <span class='ocrx_word' id='word_1_183' title='bbox 1496 2373 2069 2452; x_wconf 35' lang='lat' dir='ltr'><strong>‚mixtaevoluptati</strong></span> <span class='ocrx_word' id='word_1_184' title='bbox 2111 2379 2360 2453; x_wconf 89' lang='lat' dir='ltr'><strong>propter</strong></span> <span class='ocrx_word' id='word_1_185' title='bbox 2401 2393 2568 2440; x_wconf 82' lang='lat' dir='ltr'><strong>non-</strong></span> 
     </span>
     <span class='ocr_line' id='line_1_22' title="bbox 364 2478 2572 2562; baseline -0 -18"><span class='ocrx_word' id='word_1_186' title='bbox 364 2484 502 2545; x_wconf 88' lang='lat' dir='ltr'><strong>dum</strong></span> <span class='ocrx_word' id='word_1_187' title='bbox 531 2481 803 2561; x_wconf 86' lang='lat' dir='ltr'><strong>repletae</strong></span> <span class='ocrx_word' id='word_1_188' title='bbox 847 2481 1154 2542; x_wconf 83' lang='lat' dir='ltr'><strong>vacuitatis</strong></span> <span class='ocrx_word' id='word_1_189' title='bbox 1188 2478 1508 2543; x_wconf 83' lang='lat' dir='ltr'><strong>molestum</strong></span> <span class='ocrx_word' id='word_1_190' title='bbox 1550 2496 1794 2541; x_wconf 89' lang='lat' dir='ltr'><strong>sensum</strong></span> <span class='ocrx_word' id='word_1_191' title='bbox 1826 2497 2068 2559; x_wconf 86' lang='lat' dir='ltr'><strong>semper</strong></span> <span class='ocrx_word' id='word_1_192' title='bbox 2100 2480 2282 2559; x_wconf 91' lang='lat' dir='ltr'><strong>inest,</strong></span> <span class='ocrx_word' id='word_1_193' title='bbox 2325 2482 2388 2543; x_wconf 90' lang='lat' dir='ltr'><strong>in</strong></span> <span class='ocrx_word' id='word_1_194' title='bbox 2423 2500 2572 2562; x_wconf 79' lang='lat' dir='ltr'><strong>pura</strong></span> 
     </span>
     <span class='ocr_line' id='line_1_23' title="bbox 360 2583 2566 2668; baseline 0.001 -20"><span class='ocrx_word' id='word_1_195' title='bbox 360 2588 667 2668; x_wconf 88' lang='lat' dir='ltr'><strong>voluptate</strong></span> <span class='ocrx_word' id='word_1_196' title='bbox 710 2586 908 2649; x_wconf 91' lang='lat' dir='ltr'><strong>locum</strong></span> <span class='ocrx_word' id='word_1_197' title='bbox 956 2603 1081 2648; x_wconf 89' lang='lat' dir='ltr'><strong>non</strong></span> <span class='ocrx_word' id='word_1_198' title='bbox 1125 2583 1326 2647; x_wconf 91' lang='lat' dir='ltr'><strong>habet.</strong></span> <span class='ocrx_word' id='word_1_199' title='bbox 1416 2584 1541 2648; x_wconf 90' lang='lat' dir='ltr'><strong>Sed</strong></span> <span class='ocrx_word' id='word_1_200' title='bbox 1597 2586 1763 2664; x_wconf 88' lang='lat' dir='ltr'><strong>quia,</strong></span> <span class='ocrx_word' id='word_1_201' title='bbox 1818 2584 1921 2646; x_wconf 91' lang='lat' dir='ltr'><strong>ubi</strong></span> <span class='ocrx_word' id='word_1_202' title='bbox 1974 2584 2132 2648; x_wconf 86' lang='lat' dir='ltr'><strong>hanc</strong></span> <span class='ocrx_word' id='word_1_203' title='bbox 2183 2590 2566 2668; x_wconf 83' lang='lat' dir='ltr'><strong>percipimus,</strong></span> 
     </span>
     <span class='ocr_line' id='line_1_24' title="bbox 359 2689 2568 2773; baseline 0 -18"><span class='ocrx_word' id='word_1_204' title='bbox 359 2711 563 2773; x_wconf 89' lang='lat' dir='ltr'><strong>neque</strong></span> <span class='ocrx_word' id='word_1_205' title='bbox 591 2693 994 2754; x_wconf 87' lang='lat' dir='ltr'><strong>antecedente</strong></span> <span class='ocrx_word' id='word_1_206' title='bbox 1034 2709 1233 2770; x_wconf 87' lang='lat' dir='ltr'><strong>neque</strong></span> <span class='ocrx_word' id='word_1_207' title='bbox 1258 2691 1522 2754; x_wconf 85' lang='lat' dir='ltr'><strong>admixto</strong></span> <span class='ocrx_word' id='word_1_208' title='bbox 1547 2691 1668 2753; x_wconf 94' lang='lat' dir='ltr'><strong>ullo</strong></span> <span class='ocrx_word' id='word_1_209' title='bbox 1690 2689 2062 2772; x_wconf 83' lang='lat' dir='ltr'><strong>indigentiae</strong></span> <span class='ocrx_word' id='word_1_210' title='bbox 2080 2709 2270 2756; x_wconf 87' lang='lat' dir='ltr'><strong>sensu</strong></span> <span class='ocrx_word' id='word_1_211' title='bbox 2287 2695 2352 2758; x_wconf 92' lang='lat' dir='ltr'><strong>id</strong></span> <span class='ocrx_word' id='word_1_212' title='bbox 2374 2695 2568 2759; x_wconf 89' lang='lat' dir='ltr'><strong>solum</strong></span> 
     </span>
     <span class='ocr_line' id='line_1_25' title="bbox 358 2796 2568 2884; baseline -0 -20"><span class='ocrx_word' id='word_1_213' title='bbox 358 2800 670 2876; x_wconf 87' lang='lat' dir='ltr'><strong>sentimus,</strong></span> <span class='ocrx_word' id='word_1_214' title='bbox 718 2800 896 2859; x_wconf 87' lang='lat' dir='ltr'><strong>animi</strong></span> <span class='ocrx_word' id='word_1_215' title='bbox 940 2798 1135 2860; x_wconf 86' lang='lat' dir='ltr'><strong>nostri</strong></span> <span class='ocrx_word' id='word_1_216' title='bbox 1177 2797 1601 2876; x_wconf 81' lang='lat' dir='ltr'><strong>praestantiam</strong></span> <span class='ocrx_word' id='word_1_217' title='bbox 1649 2796 1846 2884; x_wconf 82' lang='lat' dir='ltr'><strong>aliquo</strong></span> <span class='ocrx_word' id='word_1_218' title='bbox 1890 2797 2074 2861; x_wconf 88' lang='lat' dir='ltr'><strong>modo</strong></span> <span class='ocrx_word' id='word_1_219' title='bbox 2122 2805 2356 2861; x_wconf 90' lang='lat' dir='ltr'><strong>auctam</strong></span> <span class='ocrx_word' id='word_1_220' title='bbox 2400 2818 2568 2879; x_wconf 79' lang='lat' dir='ltr'><strong>esse,</strong></span> 
     </span>
     <span class='ocr_line' id='line_1_26' title="bbox 356 2902 2567 2994; baseline 0 -26"><span class='ocrx_word' id='word_1_221' title='bbox 356 2924 544 2986; x_wconf 89' lang='lat' dir='ltr'><strong>purae</strong></span> <span class='ocrx_word' id='word_1_222' title='bbox 600 2904 888 2984; x_wconf 89' lang='lat' dir='ltr'><strong>voluptati</strong></span> <span class='ocrx_word' id='word_1_223' title='bbox 943 2904 1084 2965; x_wconf 90' lang='lat' dir='ltr'><strong>nihil</strong></span> <span class='ocrx_word' id='word_1_224' title='bbox 1137 2905 1297 2965; x_wconf 90' lang='lat' dir='ltr'><strong>inest</strong></span> <span class='ocrx_word' id='word_1_225' title='bbox 1353 2902 1643 2966; x_wconf 88' lang='lat' dir='ltr'><strong>desiderii</strong></span> <span class='ocrx_word' id='word_1_226' title='bbox 1698 2911 1758 2966; x_wconf 91' lang='lat' dir='ltr'><strong>et</strong></span> <span class='ocrx_word' id='word_1_227' title='bbox 1803 2908 2212 2986; x_wconf 84' lang='lat' dir='ltr'><strong>appetitioniS,</strong></span> <span class='ocrx_word' id='word_1_228' title='bbox 2267 2907 2378 2968; x_wconf 91' lang='lat' dir='ltr'><strong>sed</strong></span> <span class='ocrx_word' id='word_1_229' title='bbox 2432 2908 2567 2994; x_wconf 85' lang='lat' dir='ltr'><strong>ipse</strong></span> 
     </span>
     <span class='ocr_line' id='line_1_27' title="bbox 314 2995 2566 3094; baseline -0.001 -18"><span class='ocrx_word' id='word_1_230' title='bbox 314 2995 526 3093; x_wconf 59' lang='lat' dir='ltr'><strong>⁸quasi</strong></span> <span class='ocrx_word' id='word_1_231' title='bbox 570 3028 713 3074; x_wconf 90' lang='lat' dir='ltr'><strong>suus</strong></span> <span class='ocrx_word' id='word_1_232' title='bbox 757 3010 909 3073; x_wconf 89' lang='lat' dir='ltr'><strong>finis.</strong></span> <span class='ocrx_word' id='word_1_233' title='bbox 965 3010 1171 3089; x_wconf 87' lang='lat' dir='ltr'><strong>Itaque</strong></span> <span class='ocrx_word' id='word_1_234' title='bbox 1217 3002 1340 3071; x_wconf 82' lang='lat' dir='ltr'><strong>nori</strong></span> <span class='ocrx_word' id='word_1_235' title='bbox 1388 3008 1593 3072; x_wconf 89' lang='lat' dir='ltr'><strong>dubito</strong></span> <span class='ocrx_word' id='word_1_236' title='bbox 1642 3010 1715 3072; x_wconf 89' lang='lat' dir='ltr'><strong>ad</strong></span> <span class='ocrx_word' id='word_1_237' title='bbox 1763 3030 1980 3094; x_wconf 89' lang='lat' dir='ltr'><strong>genus,</strong></span> <span class='ocrx_word' id='word_1_238' title='bbox 2027 3012 2188 3092; x_wconf 90' lang='lat' dir='ltr'><strong>quod</strong></span> <span class='ocrx_word' id='word_1_239' title='bbox 2234 3013 2397 3075; x_wconf 89' lang='lat' dir='ltr'><strong>Plato</strong></span> <span class='ocrx_word' id='word_1_240' title='bbox 2446 3013 2566 3074; x_wconf 91' lang='lat' dir='ltr'><strong>de-</strong></span> 
     </span>
     <span class='ocr_line' id='line_1_28' title="bbox 354 3101 2566 3212; baseline 0 -32"><span class='ocrx_word' id='word_1_241' title='bbox 354 3119 482 3180; x_wconf 89' lang='lat' dir='ltr'><strong>finit</strong></span> <span class='ocrx_word' id='word_1_242' title='bbox 536 3116 797 3191; x_wconf 87' lang='lat' dir='ltr'><strong>(Phileb.</strong></span> <span class='ocrx_word' id='word_1_243' title='bbox 847 3137 901 3198; x_wconf 90' lang='lat' dir='ltr'><strong>p.</strong></span> <span class='ocrx_word' id='word_1_244' title='bbox 948 3118 1028 3178; x_wconf 81' lang='lat'><strong>52</strong></span> <span class='ocrx_word' id='word_1_245' title='bbox 1078 3118 1191 3193; x_wconf 88' lang='lat' dir='ltr'><strong>C),</strong></span> <span class='ocrx_word' id='word_1_246' title='bbox 1250 3115 1693 3178; x_wconf 89' lang='lat' dir='ltr'><strong>moderatarum</strong></span> <span class='ocrx_word' id='word_1_247' title='bbox 1753 3114 2155 3212; x_wconf 77' lang='grc' dir='ltr'>(ἐμμέτρων)</span> <span class='ocrx_word' id='word_1_248' title='bbox 2199 3101 2566 3198; x_wconf 71' lang='lat' dir='ltr'><strong>voluptatum</strong></span> 
     </span>
     <span class='ocr_line' id='line_1_29' title="bbox 354 3207 2565 3304; baseline 0 -19"><span class='ocrx_word' id='word_1_249' title='bbox 354 3224 620 3304; x_wconf 88' lang='lat' dir='ltr'><strong>inprimis</strong></span> <span class='ocrx_word' id='word_1_250' title='bbox 663 3240 844 3302; x_wconf 88' lang='lat' dir='ltr'><strong>puras</strong></span> <span class='ocrx_word' id='word_1_251' title='bbox 886 3223 1018 3285; x_wconf 91' lang='lat' dir='ltr'><strong>illas</strong></span> <span class='ocrx_word' id='word_1_252' title='bbox 1061 3222 1329 3300; x_wconf 86' lang='lat' dir='ltr'><strong>referre,</strong></span> <span class='ocrx_word' id='word_1_253' title='bbox 1387 3240 1542 3301; x_wconf 89' lang='lat' dir='ltr'><strong>quae</strong></span> <span class='ocrx_word' id='word_1_254' title='bbox 1599 3240 1717 3283; x_wconf 90' lang='lat' dir='ltr'><strong>una</strong></span> <span class='ocrx_word' id='word_1_255' title='bbox 1776 3242 1908 3284; x_wconf 90' lang='lat' dir='ltr'><strong>cum</strong></span> <span class='ocrx_word' id='word_1_256' title='bbox 1952 3207 2329 3303; x_wconf 81' lang='lat' dir='ltr'><strong>perfectione</strong></span> <span class='ocrx_word' id='word_1_257' title='bbox 2384 3226 2565 3287; x_wconf 91' lang='lat' dir='ltr'><strong>animi</strong></span> 
     </span>
     <span class='ocr_line' id='line_1_30' title="bbox 324 3326 2564 3413; baseline 0 -21"><span class='ocrx_word' id='word_1_258' title='bbox 324 3331 657 3413; x_wconf 53' lang='lat' dir='ltr'><strong>oriuntur,</strong></span> <span class='ocrx_word' id='word_1_259' title='bbox 715 3335 776 3390; x_wconf 90' lang='lat' dir='ltr'><strong>et</strong></span> <span class='ocrx_word' id='word_1_260' title='bbox 820 3345 1174 3406; x_wconf 81' lang='lat' dir='ltr'><strong>quamquam</strong></span> <span class='ocrx_word' id='word_1_261' title='bbox 1230 3345 1355 3389; x_wconf 92' lang='lat' dir='ltr'><strong>non</strong></span> <span class='ocrx_word' id='word_1_262' title='bbox 1407 3326 1978 3391; x_wconf 84' lang='lat' dir='ltr'><strong>vehementissimae</strong></span> <span class='ocrx_word' id='word_1_263' title='bbox 2026 3337 2086 3391; x_wconf 91' lang='lat' dir='ltr'><strong>et</strong></span> <span class='ocrx_word' id='word_1_264' title='bbox 2128 3329 2415 3410; x_wconf 88' lang='lat' dir='ltr'><strong>plurimae</strong></span> <span class='ocrx_word' id='word_1_265' title='bbox 2460 3337 2564 3393; x_wconf 89' lang='lat' dir='ltr'><strong>ta-</strong></span> 
     </span>
     <span class='ocr_line' id='line_1_31' title="bbox 353 3431 2563 3520; baseline 0.001 -24"><span class='ocrx_word' id='word_1_266' title='bbox 353 3452 491 3496; x_wconf 87' lang='lat' dir='ltr'><strong>men</strong></span> <span class='ocrx_word' id='word_1_267' title='bbox 537 3431 988 3513; x_wconf 57' lang='lat' dir='ltr'><strong>pulcherrimaex</strong></span> <span class='ocrx_word' id='word_1_268' title='bbox 1018 3438 1155 3495; x_wconf 91' lang='lat' dir='ltr'><strong>sunt</strong></span> <span class='ocrx_word' id='word_1_269' title='bbox 1200 3440 1260 3494; x_wconf 88' lang='lat' dir='ltr'><strong>ot</strong></span> <span class='ocrx_word' id='word_1_270' title='bbox 1302 3433 1659 3496; x_wconf 86' lang='lat' dir='ltr'><strong>verissimae</strong></span> <span class='ocrx_word' id='word_1_271' title='bbox 1702 3441 1808 3520; x_wconf 44' lang='lat' dir='ltr'><strong>(p.</strong></span> <span class='ocrx_word' id='word_1_272' title='bbox 1828 3436 1912 3496; x_wconf 84' lang='lat'><strong>52</strong></span> <span class='ocrx_word' id='word_1_273' title='bbox 1937 3437 1989 3497; x_wconf 92' lang='lat' dir='ltr'><strong>D</strong></span> <span class='ocrx_word' id='word_1_274' title='bbox 2025 3472 2105 3482; x_wconf 95' lang='lat'><strong>—</strong></span> <span class='ocrx_word' id='word_1_275' title='bbox 2135 3436 2215 3498; x_wconf 88' lang='lat'><strong>53</strong></span> <span class='ocrx_word' id='word_1_276' title='bbox 2264 3439 2365 3511; x_wconf 88' lang='lat' dir='ltr'><strong>C).</strong></span> <span class='ocrx_word' id='word_1_277' title='bbox 2429 3437 2563 3499; x_wconf 86' lang='lat' dir='ltr'><strong>Hae</strong></span> 
     </span>
     <span class='ocr_line' id='line_1_32' title="bbox 351 3529 2561 3624; baseline 0 -20"><span class='ocrx_word' id='word_1_278' title='bbox 351 3529 561 3620; x_wconf 79' lang='lat' dir='ltr'><strong>suapte</strong></span> <span class='ocrx_word' id='word_1_279' title='bbox 606 3545 816 3600; x_wconf 91' lang='lat' dir='ltr'><strong>natura</strong></span> <span class='ocrx_word' id='word_1_280' title='bbox 872 3539 1203 3600; x_wconf 87' lang='lat' dir='ltr'><strong>arctissime</strong></span> <span class='ocrx_word' id='word_1_281' title='bbox 1259 3558 1390 3600; x_wconf 89' lang='lat' dir='ltr'><strong>cum</strong></span> <span class='ocrx_word' id='word_1_282' title='bbox 1438 3539 1623 3601; x_wconf 91' lang='lat' dir='ltr'><strong>modo</strong></span> <span class='ocrx_word' id='word_1_283' title='bbox 1680 3541 1940 3619; x_wconf 83' lang='lat' dir='ltr'><strong>quodam</strong></span> <span class='ocrx_word' id='word_1_284' title='bbox 1996 3549 2141 3605; x_wconf 89' lang='lat' dir='ltr'><strong>sunt·</strong></span> <span class='ocrx_word' id='word_1_285' title='bbox 2178 3545 2561 3624; x_wconf 88' lang='lat' dir='ltr'><strong>conjunctae.</strong></span> 
     </span>
     <span class='ocr_line' id='line_1_33' title="bbox 350 3644 2559 3732; baseline 0.001 -25"><span class='ocrx_word' id='word_1_286' title='bbox 350 3645 479 3709; x_wconf 88' lang='lat' dir='ltr'><strong>Nec</strong></span> <span class='ocrx_word' id='word_1_287' title='bbox 522 3663 670 3708; x_wconf 88' lang='lat' dir='ltr'><strong>vero</strong></span> <span class='ocrx_word' id='word_1_288' title='bbox 720 3647 995 3725; x_wconf 89' lang='lat' dir='ltr'><strong>corporis</strong></span> <span class='ocrx_word' id='word_1_289' title='bbox 1041 3645 1378 3723; x_wconf 87' lang='lat' dir='ltr'><strong>voluptates</strong></span> <span class='ocrx_word' id='word_1_290' title='bbox 1413 3644 1488 3704; x_wconf 89' lang='lat' dir='ltr'><strong>ab</strong></span> <span class='ocrx_word' id='word_1_291' title='bbox 1536 3648 1699 3707; x_wconf 92' lang='lat' dir='ltr'><strong>omni</strong></span> <span class='ocrx_word' id='word_1_292' title='bbox 1734 3648 1916 3711; x_wconf 90' lang='lat' dir='ltr'><strong>modo</strong></span> <span class='ocrx_word' id='word_1_293' title='bbox 1952 3655 2013 3710; x_wconf 91' lang='lat' dir='ltr'><strong>et</strong></span> <span class='ocrx_word' id='word_1_294' title='bbox 2053 3648 2196 3732; x_wconf 88' lang='lat' dir='ltr'><strong>lege</strong></span> <span class='ocrx_word' id='word_1_295' title='bbox 2231 3655 2369 3712; x_wconf 87' lang='lat' dir='ltr'><strong>sunt</strong></span> <span class='ocrx_word' id='word_1_296' title='bbox 2399 3648 2559 3710; x_wconf 89' lang='lat' dir='ltr'><strong>alie-</strong></span> 
     </span>
    </p>
   </div>
   <div class='ocr_carea' id='block_1_3' title="bbox 346 3766 744 3777">
    <p class='ocr_par' dir='ltr' id='par_1_3' title="bbox 346 3766 744 3777">
     <span class='ocr_line' id='line_1_34' title="bbox 346 3766 744 3777; baseline 0 982"><span class='ocrx_word' id='word_1_297' title='bbox 346 3766 744 3777; x_wconf 95' lang='lat' dir='ltr'><strong> </strong></span> 
     </span>
    </p>
   </div>
   <div class='ocr_carea' id='block_1_4' title="bbox 379 3811 2559 4150">
    <p class='ocr_par' dir='ltr' id='par_1_4' title="bbox 480 3811 2556 3969">
     <span class='ocr_line' id='line_1_35' title="bbox 486 3811 2556 3880; baseline 0.006 -20"><span class='ocrx_word' id='word_1_298' title='bbox 486 3815 613 3865; x_wconf 83' lang='lat' dir='ltr'><strong>sunt</strong></span> <span class='ocrx_word' id='word_1_299' title='bbox 647 3811 762 3862; x_wconf 85' lang='lat' dir='ltr'><strong>sine</strong></span> <span class='ocrx_word' id='word_1_300' title='bbox 799 3816 960 3867; x_wconf 85' lang='lat' dir='ltr'><strong>dubio</strong></span> <span class='ocrx_word' id='word_1_301' title='bbox 990 3815 1197 3880; x_wconf 78' lang='lat' dir='ltr'><strong>Cynici.</strong></span> <span class='ocrx_word' id='word_1_302' title='bbox 1240 3814 1361 3870; x_wconf 85' lang='lat' dir='ltr'><strong>vid.</strong></span> <span class='ocrx_word' id='word_1_303' title='bbox 1398 3815 1595 3868; x_wconf 87' lang='lat' dir='ltr'><strong>Introd.</strong></span> <span class='ocrx_word' id='word_1_304' title='bbox 1635 3822 1746 3870; x_wconf 88' lang='lat' dir='ltr'><strong>not.</strong></span> <span class='ocrx_word' id='word_1_305' title='bbox 1784 3820 1854 3870; x_wconf 79' lang='lat'><strong>89</strong></span> <span class='ocrx_word' id='word_1_306' title='bbox 1879 3824 1934 3870; x_wconf 88' lang='lat' dir='ltr'><strong>et</strong></span> <span class='ocrx_word' id='word_1_307' title='bbox 1972 3820 2218 3871; x_wconf 83' lang='lat' dir='ltr'><strong>Stallb.</strong></span> <span class='ocrx_word' id='word_1_308' title='bbox 2257 3820 2322 3869; x_wconf 84' lang='lat' dir='ltr'><strong>ad</strong></span> <span class='ocrx_word' id='word_1_309' title='bbox 2347 3818 2556 3873; x_wconf 74' lang='lat' dir='ltr'><strong>Philet).</strong></span> 
     </span>
     <span class='ocr_line' id='line_1_36' title="bbox 480 3901 1748 3969; baseline -0.002 -15"><span class='ocrx_word' id='word_1_310' title='bbox 480 3919 533 3969; x_wconf 87' lang='lat' dir='ltr'><strong>p.</strong></span> <span class='ocrx_word' id='word_1_311' title='bbox 569 3902 640 3954; x_wconf 76' lang='lat'><strong>43</strong></span> <span class='ocrx_word' id='word_1_312' title='bbox 674 3901 744 3951; x_wconf 90' lang='lat' dir='ltr'><strong>D.</strong></span> <span class='ocrx_word' id='word_1_313' title='bbox 1732 3921 1748 3932; x_wconf 56' lang='lat'><em>³</em></span> 
     </span>
    </p>

    <p class='ocr_par' dir='ltr' id='par_1_5' title="bbox 379 3989 2559 4150">
     <span class='ocr_line' id='line_1_37' title="bbox 379 3989 2559 4067; baseline 0.003 -23"><span class='ocrx_word' id='word_1_314' title='bbox 379 3992 470 4055; x_wconf 85' lang='lat'><strong>50)</strong></span> <span class='ocrx_word' id='word_1_315' title='bbox 506 3991 590 4044; x_wconf 85' lang='lat' dir='ltr'><strong>Cf.</strong></span> <span class='ocrx_word' id='word_1_316' title='bbox 635 3990 702 4040; x_wconf 88' lang='lat' dir='ltr'><strong>de</strong></span> <span class='ocrx_word' id='word_1_317' title='bbox 752 3991 922 4053; x_wconf 80' lang='lat' dir='ltr'><strong>Legg.</strong></span> <span class='ocrx_word' id='word_1_318' title='bbox 968 3990 1030 4041; x_wconf 91' lang='lat' dir='ltr'><strong>V.</strong></span> <span class='ocrx_word' id='word_1_319' title='bbox 1076 4009 1130 4058; x_wconf 89' lang='lat' dir='ltr'><strong>p.</strong></span> <span class='ocrx_word' id='word_1_320' title='bbox 1176 3995 1281 4046; x_wconf 83' lang='lat'><strong>732</strong></span> <span class='ocrx_word' id='word_1_321' title='bbox 1323 3994 1403 4043; x_wconf 85' lang='lat' dir='ltr'><strong>D:</strong></span> <span class='ocrx_word' id='word_1_322' title='bbox 1453 3995 1561 4045; x_wconf 70' lang='grc' dir='ltr'><strong>ἔστι</strong></span> <span class='ocrx_word' id='word_1_323' title='bbox 1612 3989 1678 4058; x_wconf 73' lang='grc' dir='ltr'><strong>δὴ</strong></span> <span class='ocrx_word' id='word_1_324' title='bbox 1734 3991 1888 4063; x_wconf 76' lang='grc' dir='ltr'><strong><em>φύσει</em></strong></span> <span class='ocrx_word' id='word_1_325' title='bbox 1933 3991 2272 4067; x_wconf 66' lang='grc' dir='ltr'><strong>ἅνθραῖπειον</strong></span> <span class='ocrx_word' id='word_1_326' title='bbox 2312 3997 2559 4066; x_wconf 74' lang='grc' dir='ltr'><strong><em>μάλιστα</em></strong></span> 
     </span>
     <span class='ocr_line' id='line_1_38' title="bbox 479 4074 1665 4150; baseline 0.002 -18"><span class='ocrx_word' id='word_1_327' title='bbox 479 4074 669 4146; x_wconf 67' lang='grc' dir='ltr'><strong><em>ἡδοναὶ</em></strong></span> <span class='ocrx_word' id='word_1_328' title='bbox 704 4080 789 4130; x_wconf 75' lang='grc' dir='ltr'><strong>καὶ</strong></span> <span class='ocrx_word' id='word_1_329' title='bbox 824 4077 977 4130; x_wconf 76' lang='grc' dir='ltr'><strong><em>λύπαι</em></strong></span> <span class='ocrx_word' id='word_1_330' title='bbox 1013 4083 1100 4132; x_wconf 71' lang='grc' dir='ltr'><strong>καὶ</strong></span> <span class='ocrx_word' id='word_1_331' title='bbox 1132 4084 1415 4150; x_wconf 68' lang='grc' dir='ltr'>ἐπιθυμίαι</span> <span class='ocrx_word' id='word_1_332' title='bbox 1451 4108 1519 4122; x_wconf 83' lang='lat'><strong>—-</strong></span> <span class='ocrx_word' id='word_1_333' title='bbox 1558 4088 1665 4134; x_wconf 72' lang='grc' dir='ltr'><strong>κτλ.</strong></span> 
     </span>
    </p>
   </div>
  </div>
 </body>
</html>
