2900 4759
354 220 442 285 84

355 410 528 466 mens
562 399 671 456 est
708 391 914 473 homo,
948 399 1075 473 ‘qua
1119 391 1225 458 ubi
1262 398 1572 473 operatur,
1614 407 1795 473 supra
1840 407 2007 454 suam
2041 387 2403 471 peculiarem
2441 405 2553 462 es-

356 499 609 564 sentiam
638 499 905 564 evolans
950 499 1026 562 ad
1069 475 1430 574 uni‘ikersalia
1477 515 1547 560 se
1603 498 1793 580 ipsum
1839 495 2100 575 extollit,
2155 501 2217 558 et
2258 501 2554 575 quatenus

354 607 486 686 quis
530 624 675 672 vene
719 607 965 687 cogitat,
1013 605 1136 688 agit
1179 606 1349 690 quasi
1389 604 1552 670 loco·
1578 585 1759 670 totius
1803 604 2051 687 generis
2093 601 2353 664 humani.
2420 599 2553 664 Ve-

352 731 481 776 rum
528 713 707 778 etiam
746 712 1155 792 unusquisque
1197 711 1378 776 homo
1424 719 1518 774 est
1574 710 1894 795 singularis
1946 726 2211 791 persona
2250 706 2556 788 habetque

354 837 489 884 eam
533 825 833 895 naturam,
886 822 952 882 ut
993 816 1281 897 peculiari
1322 835 1471 881 suae
1518 817 1852 888 conditioni
1892 816 2130 888 studeat
2173 820 2352 894 atque
2393 813 2554 878 hanc

350 925 493 990 velit
545 931 606 987 et
664 942 1033 990 conservare
1058 953 1063 956 ·
1092 929 1152 986 et
1210 943 1457 1009 augere.
1554 924 1708 987 Dum
1761 923 1903 986 hac*
1930 923 2168 986 ratione
2224 922 2382 1003 agit,
2436 920 2574 998 sibi·

349 1034 513 1111 vivit,
563 1038 624 1093 et
666 1033 759 1096 sui
803 1031 1089 1111 corporis.
1116 1038 1217 1095 aut
1254 1032 1432 1096 animi
1465 1032 1686 1094 bonam
1725 1036 1827 1093 aut
1855 1048 2101 1111 pravam
2136 1027 2545 1091 conditionem

349 1139 625 1204 sentiens
667 1144 766 1200 aut
808 1136 1171 1218 voluptatem
1215 1145 1315 1204 aut
1356 1138 1631 1202 dolorem
1675 1137 1945 1219 percipit.
2031 1136 2200 1198 Patet
2239 1141 2550 1213 utramque

347 1246 645 1320 rationem
709 1260 1137 1323 nonnunquam
1208 1261 1394 1324 posse
1459 1245 1775 1326 conjungi3
1842 1243 1902 1305 in
1968 1240 2293 1323 cogitando
2349 1239 2547 1316 -enim,

234 1347 241 1350 ’
348 1357 642 1433 quatenus
676 1351 902 1433 cogito,
947 1350 1375 1429 universalem,
1417 1358 1484 1412 ut
1518 1353 1599 1413 ita
1636 1351 1853 1429 dicam,
1891 1348 2196 1414 hominem
2227 1365 2324 1410 me
2356 1363 2545 1426 prae-

346 1457 500 1536 beo,
545 1462 839 1537 quatenus
884 1462 1082 1520 autem
1125 1474 1224 1518 me
1270 1458 1542 1539 cogitare
1587 1458 1841 1521 sentio
1888 1462 1950 1518 et
1993 1455 2071 1518 de
2113 1454 2328 1518 mentis
2372 1470 2546 1515 meae

347 1564 589 1630 actione
633 1561 815 1626 doleo
861 1569 963 1626 aut
1002 1561 1229 1641 laetor,
1282 1563 1381 1626 hic
1435 1562 1755 1645 singularis
1816 1580 1947 1624 sum
2000 1560 2202 1625 homo.
2252 1591 2327 1603 —-
2377 1556 2547 1632 Quae

347 1671 450 1751 qui
491 1670 881 1750 reputaverit,
925 1666 1320 1732 vehementer
1364 1672 1758 1749 assentietur,
1804 1669 2041 1748 opinor,
2087 1664 2338 1743 Platoni,
2384 1661 2546 1743 quod

344 1785 463 1866 tam
503 1775 808 1854 Aristippi,
855 1777 955 1854 qui
994 1774 1072 1838 ad
1108 1792 1177 1837 se
1221 1776 1412 1839 solum
1458 1795 1748 1857 suumque
1789 1793 2038 1840 sensum
2078 1771 2301 1835 homini
2346 1769 2546 1832 omnia

343 1882 675 1948 referenda
738 1899 912 1960 esse,
968 1881 1230 1946 docebat
1259 1884 1402 1961 ⁸⁸),
1458 1900 1634 1963 quam
1686 1881 2158 1963 Megaricorum,
2214 1879 2313 1959 qui
2366 1876 2546 1939 omne

218 2057 225 2064 χ
344 1990 569 2054 bonum
620 1990 682 2051 in
741 1995 945 2050 mente
1002 1994 1064 2049 et
1118 1989 1491 2071 cogitatione
1553 1987 1895 2069 ponebant,
1957 1986 2261 2052 doctrinas
2314 1984 2545 2064 impro-

341 2097 499 2160 bans
528 2100 661 2173 ⁸⁴),
707 2113 744 2157 a
776 2111 1008 2158 summo
1051 2095 1216 2159 hono
1264 2101 1325 2156 et
1363 2092 1639 2175 perfecto
1683 2096 1842 2158 vitae
1883 2093 2179 2157 humanae
2224 2097 2380 2155 statu
2417 2107 2556 2151 ne·-v

344 2222 462 2285 que
508 2201 818 2266 scientiam
864 2207 926 2274 et
968 2203 1397 2284 cogitationem
1441 2219 1643 2281 neque
1686 2200 2048 2280 voluptatem
2089 2196 2455 2281 segregavit.

510 2307 632 2373 Sed
678 2309 729 2370 si
773 2307 1123 2388 sapientiam
1167 2325 1301 2372 non.
1335 2325 1444 2388 pro
1490 2308 1671 2369 unice
1714 2306 1878 2370 bono
1922 2306 2154 2386 habuit,
2209 2304 2322 2368 alia
2363 2303 2542 2385 igitur

340 2420 583 2497 praeter
612 2399 747 2475 eam
780 2429 923 2476 esse
953 2412 1116 2476 bona
1151 2416 1405 2493 censuit,
1450 2414 1773 2494 quaeritur,
1810 2419 2091 2493 quantum
2127 2414 2300 2494 pretii
2328 2413 2538 2475 scien-

339 2522 460 2584 tiae
505 2538 638 2583 cum
684 2521 903 2582 ceteris
954 2519 1132 2581 bonis
1189 2525 1570 2600 comparatae
1614 2519 1689 2583 ab
1736 2519 1955 2582 eodem
2009 2521 2390 2582 constitutum
2443 2519 2538 2581 sit.

341 2625 494 2692 Sunt
532 2625 653 2688 loci
696 2626 757 2686 in
802 2626 932 2706 ejus
979 2623 1257 2708 dialogiS,
1301 2626 1403 2688 ubi
1439 2625 1646 2688 ita’de
1688 2623 1806 2687 illa·
1821 2624 2075 2707 Judicat,
2115 2632 2181 2689 ut
2219 2611 2395 2690 facile
2436 2626 2537 2688 vi-

342 2731 475 2798 deri
536 2731 729 2811 possit
789 2732 948 2793 inter
1009 2731 1209 2793 omnia
1271 2730 1508 2815 singula
1568 2731 1731 2794 bona
1798 2731 2087 2794 scientiae
2150 2735 2540 2815 principatum

340 2837 643 2904 tribuisse.
730 2837 797 2902 111
857 2835 1134 2900 Phaedro
1196 2855 1254 2917 p.
1299 2836 1419 2900 241
1472 2838 1537 2900 C.
1601 2839 1779 2901 animi
1831 2838 2058 2902 cultura
2109 2835 2272 2917 (τῆς
2322 2835 2541 2924 ψυχῆς

259 2965 263 2976 ’
342 2938 721 3019 παίδευσις)
768 2943 985 3005 dicitur
1015 2959 1158 3006 esse
1199 2942 1284 3022 id,
1332 2962 1453 3025 quo
1493 2942 1638 3007 nihil
1681 2959 1883 3024 neque
1925 2946 2084 3027 apud
2107 2946 2386 3011 homines
2411 2962 2535 3007 ne-

338 3069 458 3134 que
501 3051 659 3133 apud
704 3050 856 3113 deos
898 3067 1118 3112 revera
1158 3049 1525 3130 praeclarius
1571 3046 2020 3135 (τιμιώτερον)
2053 3071 2253 3134 neque
2294 3053 2370 3116 sit
2410 3070 2535 3114 ne-

338 3178 457 3241 que
499 3155 756 3222 futurum
800 3158 892 3220 sit.
949 3158 1045 3220 Ac
1088 3155 1261 3221 simili
1303 3156 1488 3220 modo
1532 3157 1810 3222 Timaeus
1856 3165 1948 3239 (p.
1980 3158 2068 3221 4⁷·
2093 3160 2208 3240 A),
2250 3157 2531 3241 philoso-

375 3403 469 3467 88)
504 3401 740 3454 Nimium
774 3401 862 3453 sui
896 3402 1133 3455 studium
1170 3404 1307 3464 (τοῖς
1342 3405 1554 3462 πολλοῖς
1589 3407 1820 3470 ἔμφυτον
1854 3407 1910 3455 ἓν
1940 3409 2056 3463 ταῖς
2087 3409 2307 3474 ψυχαῖς)
2343 3387 2539 3459 ἆὶοίἶυι·

485 3493 552 3542 de
589 3493 761 3555 Logg.
794 3490 857 3543 V.
892 3508 947 3558 p.
984 3493 1086 3546 731
1123 3493 1184 3543 E.
1218 3492 1456 3544 omnium
1489 3495 1746 3546 malorum
1780 3495 2065 3547 maximum
2101 3510 2236 3549 esse.

374 3583 473 3648 84)
502 3580 663 3637 Quod
698 3579 765 3631 de
799 3581 934 3648 ch.
972 3582 1060 3633 vl.
1098 3597 1149 3648 p.
1185 3581 1290 3634 505
1326 3582 1394 3634 de
1430 3581 1518 3649 iis,
1554 3584 1647 3651 qui
1678 3585 1996 3652 sapientiam
2040 3601 2301 3640 summum
2333 3588 2532 3642 bonnm

480 3687 600 3723 esse
634 3670 816 3738 velint,
854 3671 1066 3738 dicitur,
1101 3671 1342 3739 proxime
1376 3688 1487 3725 non
1519 3673 1755 3742 pertinet
1788 3676 1857 3728 acl
1890 3675 2237 3730 humanorum
2271 3679 2533 3731 bonorum

473 3759 665 3824 finem,
711 3762 806 3814 sed
844 3762 914 3814 ad
947 3762 1005 3815 id
1050 3762 1254 3830 ipsum,
1303 3764 1445 3830 quod
1480 3763 1539 3816 in
1573 3764 1719 3817 omni
1762 3781 1940 3818 rerum
1984 3771 2177 3820 natura
2208 3769 2408 3821 bonum
2439 3768 2527 3820 sit.

475 3849 593 3902 Hoc
626 3865 734 3903 non
758 3852 920 3904 situm
954 3869 1073 3906 ease
1105 3852 1165 3905 in
1199 3851 1539 3919 cognitione,
1583 3852 1744 3908 facile
1775 3856 1855 3909 ita
1888 3856 2168 3924 evincitur,
2207 3865 2267 3911 ut
2298 3858 2528 3911 interro-

471 3944 646 4007 getur,
679 3941 958 4005 cujusnam
996 3944 1076 3995 rei
1112 3943 1349 4009 cognitio
1385 3943 1479 3996 illa
1513 3942 1601 3997 sit.
1669 3945 1931 3999 Nimirum
1965 3945 2134 4013 ipsius
2168 3950 2313 4002 boni.
2380 3950 2527 4015 Ergo

470 4031 564 4098 qui
611 4031 798 4085 dicunt
839 4032 1200 4097 cognitionem
1250 4049 1370 4088 ease
1418 4036 1647 4100 bonum,
1704 4021 2064 4101 cognitionem
2107 4038 2175 4091 ab
2217 4055 2322 4105 neo,
2379 4040 2527 4106 quod

461 4121 818 4189 cognoscitur,
852 4135 961 4174 non
993 4126 1352 4189 secernentes,
1383 4123 1444 4175 id
1478 4124 1654 4191 ipn-
1688 4139 1799 4178 non
1832 4123 2111 4180 definiunt.
