2900 4759
274 141 459 258 '72

374 371 692 451 gerantur,
737 385 918 430 unum
962 369 1144 451 igitur
1185 366 1397 445 finem,
1446 383 1567 445 quo
1614 364 1813 428 omnia
1856 362 2126 427 tendant.
2216 362 2424 443 ltaque
2464 365 2589 429 bo-

378 489 517 536 num
565 472 642 534 de
693 472 959 537 Platonis
1017 455 1316 537 sent'entia
1372 470 1516 533 nihil
1573 486 1723 533 vere
1781 476 1877 532 est
1931 472 2048 534 nisi
2100 473 2400 534 communi
2453 471 2594 536 huic

378 595 528 640 vero
586 579 843 643 consilio
902 578 1322 661 respondem,
1386 578 1527 657 quin
1588 577 1785 657 potius
1844 576 2134 659 quidquid
2191 583 2285 639 est
2338 583 2592 641 eatenus
2663 637 2676 648 κ

377 690 605 747 tantum
649 704 799 748 vere
845 695 993 765 est,
1041 692 1337 767 quatenus
1383 683 1459 747 ad
1505 681 1649 745 illud
1696 690 1791 746 est
1833 682 2372 746 accommodatum.
2420 686 2591 759 Qua-

373 798 627 872 propter
680 793 941 854 omnium
999 809 1202 855 rerum
1260 791 1369 855 sub
1434 806 1654 853 sensus
1714 790 2057 853 cadentium
2100 788 2285 853 nulla.
2308 798 2402 854 est
2441 810 2590 873 per-

346 895 542 960 ‘secte
585 897 783 977 bona,
840 899 977 979 quia
1038 915 1163 961 non
1217 896 1398 960 talem
1444 914 1516 960 se
1558 895 1844 975 praebet,
1901 895 2138 976 qualem
2195 898 2406 960 summi
2460 898 2591 961 finis

376 1004 529 1067 ratio
578 1023 711 1067 eam
756 1019 899 1067 esse
950 1002 1245 1085 postulat,
1298 1020 1418 1066 nec
1472 1019 1624 1064 vero
1680 1000 1958 1065 absolute
2010 1001 2197 1082 mala,
2256 1004 2393 1083 quia
2450 1003 2593 1067 nihil

380 1126 523 1173 esse
589 1116 824 1190 potest,
892 1110 1056 1190 quod
1113 1110 1187 1173 ab
1242 1109 1521 1172 omnibus
1583 1109 1915 1171 communis
1972 1108 2209 1172 consilii
2261 1111 2594 1175 rationibus

379 1234 629 1298 prorsus
675 1217 753 1281 sit
795 1216 1085 1295 alienum,
1143 1217 1410 1297 ideoque
1456 1232 1670 1279 omnes
1713 1213 1831 1277 hae
1873 1232 1978 1278 res
2022 1233 2223 1297 neque
2265 1235 2414 1281 vere
2455 1224 2595 1281 sunt

381 1345 583 1406 neque
629 1342 873 1389 omnino
921 1341 1046 1387 non
1093 1329 1239 1387 sunt
1276 1322 1431 1397 (vid.
1481 1321 1559 1383 de
1602 1320 1751 1401 Rep.
1798 1320 1868 1382 V.
1913 1340 1971 1402 p.
1998 1321 2124 1384 477
2152 1330 2344 1404 sqq.).
2402 1325 2595 1399 Quum

353 1439 582 1496 sautem
624 1433 686 1494 id
743 1431 904 1513 quod
953 1449 1076 1494 non
1123 1436 1217 1493 est
1271 1429 1570 1512 cognosci
1624 1434 1919 1508 nequeat,
1981 1448 2379 1511 quaecunque
2435 1439 2595 1511 sunt,

382 1545 634 1601 eatenus
678 1544 904 1600 tantum
949 1542 1205 1617 possunt
1245 1534 1520 1617 intelligi,
1565 1539 1863 1628 quatenus
1905 1553 2056 1597 vere
2099 1544 2238 1599 sunt
2265 1537 2304 1600 i.
2342 1556 2398 1600 e.
2437 1556 2595 1619 qua-

378 1652 558 1708 tenus
604 1644 975 1707 conveniunt
1018 1642 1316 1705 communi
1361 1640 1483 1702 fini.
1568 1640 1721 1703 Huic
1763 1659 1916 1704 vero
1959 1641 2020 1704 id
2068 1646 2385 1722 convenit,
2433 1646 2596 1724 quod

380 1751 460 1813 ad
504 1768 674 1814 suum
707 1752 1052 1832 'proximum
1096 1747 1276 1810 finem
1319 1763 1573 1826 prorsus
1618 1748 2138 1812 accommodatum
2177 1756 2292 1829 est,
2339 1769 2477 1813 nam
2515 1753 2596 1816 ita

377 1863 605 1920 tantum
660 1857 990 1921 communis
1051 1854 1314 1916 omnium
1368 1871 1569 1915 rerum
1624 1853 1758 1915 finis
1814 1847 2153 1937 attingitur,
2209 1858 2262 1918 si
2317 1858 2598 1941 singulae

378 1980 501 2027 res.
525 1963 679 2027 tales
722 1969 894 2041 sunt,
953 1960 1164 2041 quales
1210 1958 1545 2021 secundum
1590 1976 1768 2022 suam·
1814 1978 2093 2041 quaeque
2136 1968 2408 2026 naturam
2454 1982 2595 2029 esse

376 2070 628 2132 debent.
685 2070 878 2144 Quum
924 2073 1121 2131 autem
1168 2071 1377 2127 natura
1422 2065 1895 2148 uniuscujusque
1937 2066 2031 2129 rei
2071 2073 2134 2129 et
2176 2067 2307 2132 finis
2352 2070 2413 2132 in
2457 2070 2597 2135 idea

377 2177 513 2259 ejus
568 2182 879 2254 cernatur,
932 2171 1075 2234 nihil
1139 2172 1297 2234 aliud
1358 2189 1509 2234 vere
1567 2180 1663 2235 est
1715 2190 1988 2254 vereque
2044 2176 2435 2256 cognoscitur
2478 2180 2594 2241 nisi

375 2282 590 2360 ideae,
635 2299 791 2362 quae
836 2279 1008 2344 solae
1052 2278 1199 2341 boni
1241 2277 1454 2355 ideae,
1508 2279 1768 2341 omnium
1821 2279 2092 2343 idearum
2138 2282 2306 2361 quasi
2360 2289 2594 2365 centro,

379 2386 654 2477 perfecte
705 2387 1099 2468 respondent.
1189 2386 1318 2448 Tali
1369 2386 1609 2449 ratione
1654 2386 1794 2449 idea
1841 2386 2015 2465 boni,
2075 2406 2231 2468 quae
2275 2395 2368 2451 est
2415 2409 2593 2453 com-

379 2496 576 2558 munis
619 2494 720 2556 ille
764 2494 932 2573 finiS,
993 2513 1170 2575 quem
1228 2495 1442 2560 omnes
1489 2510 1592 2557 res
1639 2497 1848 2554 natura
1904 2511 2011 2555 sua
2058 2495 2228 2574 quasi
2283 2504 2596 2577 aspectant

379 2609 444 2665 et
488 2605 792 2680 appetunt,
839 2598 976 2663 fons
1023 2611 1084 2665 et
1125 2604 1475 2685 principium
1524 2605 1616 2662 est
1660 2601 1855 2662 omnis
1901 2606 2020 2661 tam
2066 2602 2372 2663 essentiae
2419 2621 2594 2683 quam

234 2779 247 2801 ι
337 2753 341 2766 «
381 2705 782 2789 cognitioniS,
843 2713 1022 2789 atque
1077 2710 1380 2790 aptissime
1438 2711 1816 2788 comparatur
1872 2705 1986 2780 (de
2030 2705 2179 2786 Rep.
2226 2706 2322 2768 vl.
2367 2726 2425 2788 p.
2471 2708 2597 2770 507

379 2820 552 2894 sqq.)
598 2832 730 2876 cum
776 2812 930 2893 sole,
977 2817 1075 2893 qui
1120 2832 1242 2878 non
1290 2814 1477 2886 modo
1526 2813 1727 2891 efficit,
1770 2817 1836 2873 ut
1877 2829 1980 2873 res
2026 2813 2427 2892 aspectabiles
2461 2817 2595 2878 visu

373 2922 617 3011 'possint
642 2922 998 3004 ‘cog-nosci,
1053 2920 1165 2983 sed
1222 2920 1400 2983 etiam
1456 2927 1521 2983 ut
1577 2919 1857 2982 existant.
1942 2916 2020 2979 Ut
2061 2917 2207 2980 nulli
2249 2918 2459 3000 ideae,
2505 2922 2595 2985 sic

380 3045 462 3090 ne
505 3027 684 3090 ideae
740 3028 885 3091 boni
941 3027 1179 3108 quidem
1233 3027 1353 3091 ulla
1408 3028 1570 3090 inest
1621 3026 1715 3088 vis
1769 3023 2090 3103 movendi,
2144 3026 2427 3106 creandi,
2482 3028 2596 3091 sed

384 3136 520 3216 quia
567 3152 881 3215 quaequae
929 3139 1130 3196 creata
1176 3140 1335 3213 sunt,
1383 3131 1718 3196 secundum
1763 3149 1897 3193 eam
1943 3137 2082 3193 sunt
2117 3129 2275 3194 facta
2321 3152 2439 3196 nec
2471 3134 2594 3198 ullo

383 3242 501 3306 alio
546 3239 730 3303 modo
776 3246 917 3301 sunt
959 3241 1073 3301 nisi
1118 3258 1237 3319 quo
1286 3239 1666 3307 concordant
1721 3255 1853 3299 cum
1896 3238 2028 3317 ipso
2073 3236 2271 3317 bono,
2331 3242 2593 3306 omnium

381 3364 585 3410 rerum
630 3344 772 3420 fine,
818 3341 962 3404 nihil
999 3351 1218 3421 autem,
1264 3345 1380 3405 nisi
1415 3342 1577 3423 quod
1616 3348 1729 3419 est,
1773 3327 1974 3422 potest
2007 3348 2323 3426 cognosci,
2368 3348 2592 3411 rectis-

381 3454 534 3517 sime
580 3450 796 3511 dicitur
840 3448 981 3510 idea
1023 3448 1173 3511 boni
1217 3455 1279 3511 et
1317 3448 1504 3511 rebus
1549 3448 1862 3510 veritatem
1909 3455 1969 3511 et
2011 3448 2350 3540 liominibus
2394 3452 2593 3517 facul-

379 3564 561 3622 tatem
608 3550 1029 3638 cognoscendi
1075 3552 1294 3617 afferre
1340 3561 1401 3617 et
1442 3554 1742 3635 praebere
1774 3557 1904 3629 ὅ0).
1968 3627 1974 3633 ,

526 3723 851 3791 propositus;
887 3741 1149 3778 summum
1186 3725 1477 3778 luunanum
1511 3725 1710 3777 bonum
1746 3724 2017 3794 (τάγαθὸν
2046 3728 2153 3780 alio
2174 3745 2338 3782 sensu
2362 3730 2590 3793 dictum)

526 3817 611 3867 est
644 3815 767 3867 finis
801 3815 1062 3869 homini
1100 3816 1426 3884 propositus.

412 3907 515 3982 56).
545 3907 610 3960 P.
641 3907 747 3959 508
783 3908 856 3959 E:
901 3908 963 3960 τὸ
1012 3905 1107 3974 τὴν
1157 3901 1420 3976 ἆλὴθειαν
1469 3902 1705 3975 παρέχον
1752 3912 1863 3965 τοῖς
1906 3909 2349 3976 γιγνωσκομένοις
2398 3914 2485 3962 καὶ
2517 3916 2589 3980 τῷ

522 3994 866 4065 γιγνώσκοντι
905 3993 1002 4064 τὴν
1041 3994 1266 4067 δύναμιν
1292 3996 1576 4064 ἀποδιδόν,
1609 3991 1687 4064 τὴ
1708 4018 1733 4048 v
1768 3989 1882 4046 ἷτοῦ
1916 3990 2189 4061 ἇγαθοῦ
2225 3997 2408 4053 ἰδέαν
2445 3998 2593 4069 φάθι

525 4089 680 4153 εἶναι,
715 4090 888 4140 ultim·
923 4083 973 4140 δ’
1022 4087 1302 4154 ἓζιιοτὴμης
1336 4081 1505 4140 οὖσαν
1541 4087 1630 4138 καὶ
1663 4081 1937 4151 «anbelus.
1974 4088 2085 4140 vn.
2123 4106 2176 4156 p.
2215 4092 2318 4145 517
2345 4092 2422 4143 C:
2454 4086 2589 4158 αὗτὴ
