2900 4759
345 216 494 282 400

369 387 546 470 quale
586 387 719 466 sit,
783 391 847 450 ut
912 385 1207 467 integram
1261 379 1527 448 Platonis
1569 380 1661 445 de
1714 382 1836 448 vita
1890 380 2167 447 absolute
2231 383 2413 446 beata
2466 383 2568 448 vel

368 507 603 559 summo
644 494 812 558 hono
858 491 1189 554 doctrinam
1231 489 1684 571 perspiciamus,
1728 505 1889 551 nunc
1933 489 2111 553 nobis
2154 489 2568 571 quaerendum

368 607 497 679 est,
540 607 634 679 et,
680 616 759 661 ne
801 595 1039 660 libellus
1081 602 1294 662 noster
1348 596 1524 659 nimis
1567 594 1948 675 extendatur,
1995 613 2171 676 quam
2211 594 2572 664 brevissime

366 705 492 768 fieri
536 711 758 786 potest,
803 701 1264 782 explanandum.

600 963 609 970 ,
1337 893 1481 974 Cap.
1525 892 1595 955 V.
2497 942 2502 946 .

510 1003 727 1077 Quum
787 1017 1001 1065 omnes
1068 999 1293 1079 antiqui
1360 998 1702 1081 philosophi
1752 1000 1834 1062 ita
1892 1002 2304 1081 consentiant,
2371 1008 2437 1068 ut
2489 1004 2564 1065 iis

364 1126 655 1173 summum
706 1109 933 1174 ‘bonum
990 1106 1134 1170 nihil
1197 1121 1339 1170 esse
1398 1105 1674 1169 videatur
1727 1106 1844 1169 nisi
1904 1108 2113 1170 vivere
2170 1127 2251 1171 ex
2307 1107 2566 1174 hominis

361 1223 576 1280 natura
616 1217 883 1296 undique
937 1213 1239 1295 perfecta,
1299 1211 1647 1299 discrepent
1690 1229 1836 1275 vero
1882 1215 2139 1277 maxime
2180 1216 2241 1277 in
2283 1215 2399 1279 hac
2445 1215 2564 1278 de-

363 1323 648 1402 finienda,
697 1340 878 1403 supra
910 1323 1034 1403 jam
1079 1320 1454 1397 monuimus,
1511 1318 1850 1382 Platonem*
1877 1321 2217 1386 acutissime
2267 1320 2563 1386 humanae

361 1436 614 1494 naturae
658 1430 820 1493 vires
868 1429 1143 1511 cognitas
1186 1425 1505 1504 habuisse,
1551 1431 1731 1505 atque
1772 1425 1889 1489 hac
1933 1429 2282 1512 cognitione
2327 1429 2567 1494 ductum

363 1537 723 1600 sententiam
761 1553 929 1598 suam
970 1533 1050 1598 de
1094 1549 1325 1596 summo
1368 1532 1551 1602 bono,
1584 1531 1783 1594 animo
1830 1535 2208 1615 concepisse.
2253 1534 2406 1598 Dum
2439 1536 2563 1620 igi-

362 1650 460 1705 tur
498 1641 803 1720 Aristippo
847 1638 1029 1701 homo
1077 1639 1191 1702 sibi
1235 1638 1351 1702 soli
1395 1642 1459 1699 et
1502 1637 1579 1700 ad
1625 1655 1793 1701 suam
1837 1639 1949 1701 sibi
1995 1639 2354 1722 voluptatem
2387 1659 2562 1730 come

361 1747 689 1831 parandam
731 1751 905 1808 natus
952 1760 1094 1806 esse
1135 1745 1301 1808 visus
1344 1744 1441 1822 sit,
1486 1742 1775 1808 Euclides
1806 1751 2017 1816 contra
2046 1764 2253 1809 merae
2284 1730 2566 1810 contem·-⁴

362 1855 612 1938 plationi
656 1871 791 1915 eum
838 1850 1085 1914 studere
1120 1851 1401 1933 jusserit,
1436 1851 1559 1930 -qui
1610 1848 1756 1912 velit
1797 1853 1954 1915 vitae
2002 1852 2300 1917 humanae
2354 1872 2563 1916 verum

363 1962 545 2025 finem
588 1957 861 2038 assequi,
909 1955 1219 2021 Platonem
1275 1956 1530 2019 diximus
1571 1958 1882 2037 utriusque
1923 1959 2256 2023 rationibus
2301 1961 2565 2043 conjun-

368 2070 479 2132 ctis
535 2066 882 2141 censuisse,
950 2079 1067 2124 nec
1123 2062 1201 2126 ad
1256 2080 1423 2126 suam
1493 2062 1683 2127 solam
1737 2063 2101 2146 peculiarem
2159 2066 2564 2130 conditionem

363 2174 649 2238 tuendam
704 2189 822 2233 nec
876 2168 991 2232 soli
1044 2170 1393 2253 cogitationi
1441 2169 1986 2250 universaliumque
2039 2171 2563 2236 idearum'studio

362 2281 668 2345 hominem
729 2294 870 2342 esse
922 2282 1296 2359 generatum.
1366 2276 1535 2352 (vid.
1590 2292 1753 2357 supr.
1805 2295 1865 2357 p.
1910 2276 2047 2353 94).
2145 2279 2267 2344 Sed
2328 2280 2565 2343 tertium

369 2386 512 2468 quid
550 2391 686 2463 est,
747 2383 808 2444 in
868 2401 989 2463 quo
1040 2383 1309 2463 quisquis
1359 2388 1668 2461 versatur,
1730 2388 2030 2462 tamquam
2088 2385 2407 2469 singtilaris
2461 2384 2563 2448 hic
2605 2369 2622 2376 ⁶

365 2491 548 2558 homo
575 2488 748 2554 simul
784 2490 955 2568 quasi
972 2487 1330 2552 universalis
1353 2494 1467 2553 est.
1518 2486 1656 2551 Hoc
1685 2479 1931 2570 apparet
1961 2491 2021 2552 in
2048 2491 2212 2572 juste
2247 2489 2560 2573 agendo.

366 2596 434 2659 ln
492 2594 859 2678 cognitando
911 2593 1093 2657 homo
1149 2609 1228 2655 ex
1281 2610 1390 2657 sua
1441 2609 1711 2673 persona
1763 2595 2100 2678 egreditur3
2168 2595 2305 2659 dum
2337 2599 2562 2681 sentit,

369 2707 532 2764 totus
576 2702 636 2762 in
676 2717 752 2788 se
797 2707 916 2777 est;
975 2718 1154 2780 quum
1198 2695 1346 2762 ver'o
1388 2697 1649 2762 honeste
1693 2701 1846 2782 agit,
1887 2704 1948 2764 in
1993 2720 2162 2766 suam
2202 2703 2565 2783 peculiarem

374 2805 785 2872 conditionem
844 2806 1058 2886 recipit
1110 2804 1312 2888 legem
1364 2804 1799 2886 universalem,
1855 2808 2055 2888 itaque
2118 2808 2290 2872 simul
2342 2829 2451 2873 sua
2502 2815 2564 2872 et

371 2916 708 2982 communia
755 2914 906 2996 agit,
953 2930 1124 2975 suum
1167 2910 1459 3002 simulque
1503 2930 1819 2977 commune
1863 2915 2126 2980 omnium
2162 2932 2365 2980 rerum
2409 2934 2569 2981 con-

328 3035 335 3039 ·
371 3022 564 3087 silium
608 3019 857 3103 perficit.
922 3017 1169 3101 Agendi
1212 3025 1408 3081 autem
1450 3019 1801 3100 principium
1845 3024 1940 3083 est
1982 3021 2364 3103 voluntas,
2408 3041 2564 3104 quae

371 3127 488 3192 hae
537 3131 774 3191 ratione
835 3124 1007 3204 quasi
1059 3122 1260 3187 medio
1313 3124 1456 3189 loco
1508 3126 1668 3188 inter
1719 3125 2085 3190 intellectum
2145 3136 2209 3191 et
2264 3128 2564 3195 sentiendi

518 3383 684 3431 tatem
720 3377 978 3443 admiror,
1023 3377 1117 3429 sed
1157 3393 1318 3445 quum
1356 3375 1591 3445 ingenue
1625 3378 1742 3448 ipse
1778 3380 2101 3435 confitentur
2131 3383 2216 3451 (p.
2251 3384 2398 3449 117),
2432 3396 2568 3435 non

515 3483 672 3542 esse
715 3483 785 3520 se
829 3466 1330 3537 philosophum,
1390 3471 1504 3521 sed
1556 3485 1711 3523 esse
1758 3486 2014 3539 cupere
2056 3471 2566 3542 philosophiae,

518 3563 705 3614 certe
764 3557 1127 3627 antiquae,
1180 3558 1655 3626 interpretem,
1708 3576 1830 3612 cum
1875 3561 2174 3618 instando
2226 3566 2386 3619 simul
2426 3564 2570 3619 hanc

516 3665 837 3707 evanescere
872 3649 1123 3715 arbitror-3
1166 3657 1224 3702 et
1257 3648 1432 3718 qualis
1465 3650 1559 3703 ille
1593 3649 1668 3703 sit
1698 3650 2066 3721 philosophiae
2105 3656 2358 3724 antiquae
2397 3656 2570 3710 inter-

516 3760 667 3812 pres,
707 3741 817 3807 jam
856 3756 925 3792 ex
970 3740 1078 3793 illis
1108 3740 1176 3793 de
1209 3740 1434 3794 Philebo
1481 3739 1639 3793 dietis
1682 3746 1740 3800 et
1774 3733 1843 3794 ek
1876 3744 2144 3798 sententis
2180 3748 2249 3799 de
2275 3747 2571 3802 Aristotele

515 3836 628 3886 lata
664 3846 989 3898 cognoscere
1031 3831 1189 3894 licet,
1239 3846 1398 3899 quem
1443 3835 1614 3897 negat
1645 3829 1725 3899 (p.
1759 3833 1895 3896 354)
1929 3835 2041 3890 vix
2084 3837 2301 3891 ullius
2336 3838 2572 3908 philo-

516 3922 713 3991 sophi
768 3922 845 3972 de
898 3921 1102 3973 rebus
1152 3921 1742 3988 intelligibilibus
1801 3927 2226 3982 sententiam
2282 3943 2571 3999 perspe-

520 4013 707 4068 xisse
742 4014 961 4074 recte;
993 4010 1353 4079 nocuisse,
1390 4012 1494 4078 ait,
1526 4028 1649 4064 eum
1682 4013 2028 4072 vehementer
2058 4023 2298 4074 veterum
2332 4020 2573 4089 philoso-

518 4103 742 4171 phorum
774 4100 1202 4170 interpretationi
1235 4130 1301 4141 --
1339 4107 1395 4156 et
1427 4101 1639 4156 similis.
2231 4091 2234 4098 ⁴
