2900 4759
356 225 404 286 8

361 389 568 458 l'etudo
629 384 906 473 ἆγαθὸν
958 383 1061 469 sit,
1129 393 1189 453 et
1241 394 1503 454 omnium
1556 391 1851 455 bonorum
1916 389 2176 455 fortasse
2243 390 2547 469 optimum,

363 499 527 582 quod
567 506 788 563 vocant
832 495 1173 578 ἄλαστον
1212 496 1311 558 vel
1353 491 1430 560 τὸ
1471 494 1785 581 μέγιστον
1823 490 1958 558 τῶν
1999 488 2403 578 ἆγαθῶννῦ),
2446 501 2549 557 ta·-
2599 503 2618 528 ⁸

360 624 501 670 men
543 623 724 671 nemo
769 601 1098 683 affirmabit,
1144 617 1277 666 eam
1319 619 1463 666 esse
1507 592 1840 686 τάγαθόν,
1884 602 2215 667 absolutum
2245 600 2390 664 illud
2425 601 2549 665 bo-

362 731 527 793 num,
568 711 663 776 cui
705 711 847 774 nihil
890 710 1032 773 addi
1073 709 1282 790 possit.
1328 707 1476 773 Tale
1521 716 1717 772 autem
1760 725 2048 773 summum
2089 708 2312 770 bonum
2339 709 2551 787 'quae-

361 822 547 900 riturs
573 838 690 901 quo
735 817 794 881 in
842 816 1262 881 constituendo
1305 834 1493 898 saepe
1535 816 1688 898 lapsi
1730 823 1868 879 sunt
1903 814 2257 897 philosophi,
2304 815 2408 878 ubi
2441 814 2551 879 has

363 927 513 990 duas
554 924 850 990 vocabulo
897 915 1174 1005 ἄριστον
1205 921 1509 1004 subjectas
1551 923 1833 986 notiones
1865 939 2071 1002 parum
2107 928 2398 986 accurate
2420 919 2552 984 dis-

366 1036 704 1096 creverunt.

526 1136 733 1216 ltaque
778 1136 1064 1200 convenit
1113 1136 1272 1196 inter
1326 1151 1540 1197 omnes
1585 1130 1859 1197 Graecos
1902 1140 1961 1210 et
2007 1133 2330 1197 doctoset
2368 1132 2556 1195 indo-

364 1249 520 1322 ctos,
560 1259 852 1307 summum
894 1239 1150 1304 hominis
1193 1239 1413 1302 bonum
1459 1257 1601 1303 esse
1642 1237 1984 1304 felicitatem
2023 1239 2154 1303 sive
2186 1240 2364 1302 vitam
2404 1255 2556 1319 per-

365 1346 525 1411 fecte
575 1348 842 1411 beatam:
900 1345 1012 1409 sed
1057 1343 1409 1425 quibusnam
1453 1346 1515 1408 in
1556 1346 1741 1409 rebus
1785 1346 1939 1408 haec
1982 1346 2271 1409 consistat
2314 1351 2375 1407 et
2416 1345 2557 1426 qui-

364 1454 477 1519 bus
516 1454 701 1518 rebus
744 1470 892 1515 vera
932 1449 1188 1515 bominis
1230 1452 1593 1529 praestantia
1628 1458 1927 1530 cernatur,
1971 1450 2116 1514 inde
2149 1449 2225 1514 ab
2262 1451 2560 1531 antiquis-

367 1562 533 1625 simis
584 1559 952 1640 temporibus
1006 1556 1186 1619 valde
1241 1563 1336 1621 est
1380 1557 1702 1620 dubitatum
1736 1562 1754 1598 ¹
1772 1562 1863 1632 ⁰).
1951 1556 2028 1620 Ut
2070 1563 2264 1621 autem
2286 1602 2305 1635 ‚
2345 1555 2561 1638 qulbus

369 1665 771 1729 fundamentis
825 1664 1047 1726 nitatur
1085 1663 1348 1726 Platonis
1394 1664 1474 1726 de
1514 1662 1629 1724 hac
1668 1681 1739 1727 re
1797 1661 2128 1742 sententia,
2188 1663 2369 1744 plene
2411 1679 2559 1745 per-

371 1772 685 1853 spiciatur,
726 1769 888 1833 haud
932 1769 1007 1831 ab
1052 1785 1121 1830 re
1165 1772 1310 1850 erit,
1355 1772 1703 1851 opinioneS,
1744 1771 1977 1848 varias,
2023 1785 2180 1850 quae
2220 1777 2361 1834 ante
2403 1769 2560 1833 illum

375 1875 532 1959 apud
588 1876 858 1941 Graecos
916 1873 994 1937 de
1047 1891 1276 1940 summo
1334 1877 1501 1942 bono
1557 1878 1812 1940 maxime
1864 1878 2215 1959 vig-uerunt,
2280 1876 2555 1955 breviter,

519 2135 897 2197 contenderat,
946 2133 1337 2187 Aristotelicum
1384 2132 1770 2188 beatitudinem
1814 2154 1931 2189 esse
1978 2137 2244 2206 quandam
2292 2152 2568 2188 summam.

519 2224 894 2293 Aristotelem,
944 2225 1022 2278 ait
1066 2225 1159 2277 ille
1194 2223 1383 2292 (Ethik
1417 2225 1512 2278 des
1546 2226 1707 2279 Arist.
1744 2244 1797 2296 p.
1832 2227 1966 2292 40.),
2016 2224 2172 2278 nimis
2208 2224 2363 2279 claris
2398 2225 2570 2279 verbis

522 2316 721 2381 dicere,
745 2314 1130 2369 beatitudinem
1148 2316 1343 2368 nullam
1370 2333 1490 2369 esse
1509 2333 1788 2380 summam,
1824 2322 2060 2369 nostrum
2082 2316 2360 2382 locum(ib.
2385 2331 2437 2384 p.
2459 2317 2569 2380 lo.)

524 2406 603 2459 sic
624 2406 1008 2476 interpretans:
1037 2405 1471 2473 „Ebensowenig
1490 2408 1632 2461 kann
1650 2408 1737 2460 die
1768 2405 2191 2473 Gliickseligkeit
2212 2406 2332 2460 eine
2354 2408 2571 2460 Summe
2663 2407 2668 2420 “

442 2491 447 2500 ’
521 2496 639 2549 sein
686 2494 1267 2565 (συναριθμουμὲνη),
1324 2498 1467 2550 ‹lenn
1513 2505 1573 2551 so
1623 2498 1821 2551 miisste
1869 2499 1963 2550 das
2009 2496 2432 2550 Hinzukommen
2478 2498 2575 2550 «les

525 2585 791 2639 kleinsten
814 2588 985 2640 Gutes
1021 2585 1107 2638 die
1143 2586 1355 2639 sriihere
1384 2590 1603 2641 Summe
1637 2588 1772 2643 noch
1800 2591 1877 2641 als
1913 2587 2006 2644 ein
2033 2586 2421 2654 mangelhaftes
2456 2587 2577 2640 auf-

528 2673 780 2730 weisen.”
828 2675 1110 2743 (Similiter
1143 2676 1379 2745 loquitur
1411 2678 1470 2730 in
1506 2679 1883 2733 commentario
1919 2679 1989 2730 ad
2021 2678 2144 2732 Eth.
2178 2679 2431 2744 Nicom.).
2478 2681 2576 2731 At-

529 2766 622 2835 qui
657 2772 740 2820 eat
774 2767 1048 2820 beatitudo
1083 2766 1150 2817 de
1186 2768 1455 2820 sententia
1487 2769 1788 2823 Aristotelis
1824 2770 2083 2837 quaedam
2121 2785 2343 2830 summa,
2380 2768 2577 2836 quippe

532 2863 950 2911 consummatum
987 2855 1270 2924 omniaque
1302 2859 1445 2911 bona
1482 2863 1860 2929 complectens.
1930 2864 2100 2917 Quam
2136 2857 2455 2914 sententiam
2488 2856 2577 2911 hic

532 2950 684 3002 locus
717 2966 824 3002 non
860 2954 1043 3016 negat,
1074 2947 1235 3000 immo
1273 2948 1463 3003 nititur
1488 2953 1692 3004 eadem.
1745 2955 1914 3010 Quia
1947 2950 2223 3008 beatitudo
2260 2953 2343 3002 est
2373 2964 2579 3001 summa

539 3039 653 3093 sive
688 3044 1108 3094 consummatum
1142 3038 1292 3109 quid,
1328 3042 1507 3096 omnia
1526 3044 1758 3101 humana
1785 3050 1927 3101 bona
1955 3043 2246 3103 continens,
2280 3057 2346 3092 ea
2375 3040 2580 3094 nullum

538 3134 739 3185 bonum
774 3135 926 3182 extra
957 3146 1017 3181 se
1053 3128 1231 3195 habet,
1267 3150 1368 3187 nec
1400 3135 1568 3201 igitur
1603 3144 1781 3207 potest
1809 3139 1969 3205 juxta
2000 3150 2175 3204 neque
2204 3132 2345 3212 inter
2368 3130 2583 3197 singula.

541 3215 686 3276 bona
715 3220 863 3289 poni,
899 3236 999 3272 nec
1033 3236 1153 3273 cum
1187 3222 1255 3276 iis
1292 3227 1575 3292 numerari.
1611 3228 1669 3281 si
1707 3228 1847 3281 enim
1880 3230 2022 3281 inter
2057 3243 2123 3279 ea
2155 3228 2585 3287 connumeratur,

547 3318 730 3382 potest
763 3310 949 3378 augeri
984 3327 1158 3380 neque
1197 3319 1280 3366 est
1312 3312 1531 3370 τίλειον.
1600 3319 1774 3369 Unum
1809 3320 2024 3371 verbum
2059 3315 2435 3384 paraphrastae
2470 3312 2586 3382 (qui

549 3419 660 3458 non
692 3402 865 3454 minus
900 3417 1055 3470 quam
1091 3408 1279 3456 auctor
1312 3406 1630 3470 Magnorum
1663 3406 1943 3458 Moralium
1980 3431 2046 3445 -
2081 3404 2184 3457 vid.
2219 3407 2259 3457 Ι.
2291 3408 2345 3472 2,
2371 3421 2422 3474 p.
2452 3404 2589 3457 1184

550 3495 599 3547 A
634 3493 701 3547 15
723 3521 784 3530 —-
819 3509 930 3545 rem
965 3495 1103 3546 bene
1136 3494 1429 3564 perspexit,
1467 3500 1523 3546 et
1554 3498 1721 3547 solam
1754 3501 2006 3562 nostram,
2035 3510 2143 3547 non
2175 3494 2380 3548 Zellii
2414 3509 2590 3563 neque

556 3581 951 3649 Micheleti,
1000 3585 1081 3637 uti
1130 3588 1354 3652 uterque
1399 3583 1647 3655 opinatus
1682 3590 1797 3649 est,
1832 3584 2149 3639 sententiam
2186 3585 2390 3652 tuetur)
2423 3590 2593 3637 totum

553 3673 661 3732 loci
694 3690 906 3727 sensum
940 3673 1129 3743 aperit.
1197 3672 1485 3725 Beatitudo
1520 3691 1627 3727 non
1671 3682 1754 3728 est
1788 3670 2162 3743 σύστοιχος
2192 3682 2305 3736 τοῖς
2345 3673 2592 3744 ἀγαθοῖς.

553 3791 621 3806 --
655 3763 790 3818 Vide
825 3765 898 3817 sis
933 3764 1093 3815 etiam
1131 3763 1413 3817 Alexandr.
1446 3764 1681 3834 Aphrod.
1718 3767 1784 3819 ad
1819 3766 1981 3820 Arist.
2007 3768 2148 3835 Top.
2176 3766 2263 3842 iil.
2290 3768 2343 3821 2.
2379 3766 2594 3833 (Scholl.

559 3855 628 3906 ad
662 3854 823 3907 Arist.
860 3855 982 3905 coll.
1015 3851 1303 3908 Brandis
1333 3873 1385 3925 p.
1421 3856 1526 3909 274
1561 3857 1605 3909 Β
1642 3858 1768 3926 18.).

469 3945 523 4013 9)
556 3946 619 3997 V.
652 3945 794 3997 Plat.
830 3942 998 4008 Gorg.
1031 3960 1086 4010 p.
1121 3943 1222 3996 451
1258 3946 1304 3997 E
1339 3963 1455 4016 sqq.
1490 3945 1717 4005 Phaedr.
1753 3966 1806 4018 p.
1843 3947 1946 4002 263
1983 3945 2045 3998 C.
2082 3933 2149 4000 de
2182 3947 2382 4018 Rep.1.
2418 3964 2472 4015 p.
2495 3946 2602 4000 330

560 4037 630 4087 D.
664 4036 709 4087 V
747 4050 801 4100 p.
835 4032 939 4087 457
974 4034 1041 4087 D.
1077 4032 1219 4087 Tim.
1253 4052 1309 4103 p.
1343 4038 1412 4092 47
1446 4039 1511 4091 B.

444 4125 530 4193 10)
564 4124 652 4178 cf.
678 4121 841 4176 Arist.
874 4123 995 4179 Eth.
1031 4123 1149 4179 Nic.
1186 4126 1228 4179 1.
1262 4127 1318 4179 2.
