2900 4759
2351 193 2578 264 *133

373 364 473 431 liis
504 372 573 432 et
613 383 748 432 cum
791 366 887 430 his
926 365 1032 429 uni
1073 379 1309 430 sunm
1349 363 1687 447 subjectum
1729 370 1860 443 est,
1905 361 2398 430 accommodatae
2439 372 2586 430 sunt

377 478 440 537 et
480 473 708 538 besuae.
776 473 938 547 Quot
976 472 1157 555 igitur
1198 476 1340 557 sunt·
1379 469 1655 549 consilia,
1691 476 1784 534 tot
1823 469 2156 534 rationibus
2199 470 2282 534 de
2321 473 2415 538 rei
2453 472 2581 538 bo·-

322 585 325 590 ’
374 579 563 642 nitate
620 578 941 659 loquimur.
1036 576 1389 658 Appellatur
1456 577 1618 642 enim
1684 576 1881 657 aliqua
1942 594 2045 641 res
2095 575 2257 641 hona
2318 585 2420 642 aut
2471 598 2584 660 per

373 703 545 748 sum
587 687 919 752 essentiam
956 690 1259 766 spectata,
1298 690 1407 746 aut
1447 683 1756 764 qualitate,
1799 689 1902 746 aut
1944 689 2241 764 quatenus
2286 685 2364 748 ad
2405 685 2583 752 aliam

370 809 505 855 rem
542 791 806 856 refertur
848 807 1104 871 eamque
1148 791 1210 853 in
1254 790 1512 856 consilio
1558 789 1946 870 assequendo
1980 789 2170 873 juvat.
2225 790 2440 871 Itaque
2477 794 2588 875 qui

369 896 578 960 harum
619 898 917 962 variarum
968 896 1270 960 rationum
1322 914 1451 959 una
1497 895 1640 958 idea
1683 912 1828 960 esse
1879 897 2129 977 potest?
2180 897 2586 967 Numerorum

373 1002 616 1084 quidem
657 1002 861 1067 ideam
901 1001 1070 1065 Plato
1116 1008 1479 1082 propterea,
1524 1003 1772 1082 opinor,
1814 1020 1942 1066 non
1985 1004 2205 1083 statuit,
2249 1005 2428 1085 quod
2456 1024 2584 1070 nu·-

369 1125 674 1173 merorum
715 1110 913 1174 series
957 1106 1185 1170 infinita
1226 1114 1325 1170 est
1375 1125 1581 1189 neque
1620 1107 1776 1172 ullus
1832 1125 2120 1174 numerus
2170 1116 2476 1176 extremus
2519 1119 2586 1176 et

368 1215 626 1280 ultimus.
720 1214 901 1278 Varia
967 1220 1165 1278 autem
1229 1230 1435 1278 rerum
1501 1214 1756 1279 consilia
1817 1215 1997 1278 finem
2044 1214 2303 1297 hahent,
2368 1224 2431 1282 et
2486 1227 2584 1284 est

371 1322 675 1401 quoddam
735 1320 1050 1386 consilium
1103 1319 1371 1388 ultimum
1424 1338 1504 1386 ac
1550 1322 1810 1384 maxime
1866 1321 2159 1403 generale
2193 1328 2369 1401 ¹⁷⁵).
2454 1325 2590 1390 Sed.

371 1426 492 1492 hoc
534 1443 824 1493 sumnum
884 1428 1112 1494 honum
1155 1432 1456 1506 tamquam
1496 1444 1677 1490 unam
1718 1426 1917 1490 ideam
1962 1428 2036 1490 ab
2083 1431 2248 1492 omni
2288 1430 2584 1496 varietate

369 1541 664 1600 remotam
705 1552 831 1600 non
889 1535 1083 1617 magis
1134 1533 1279 1598 licet
1322 1534 1632 1616 cogitare,
1685 1527 1863 1614 quum
1908 1536 2042 1615 quis
2085 1542 2313 1602 certum
2355 1556 2583 1604 nme-

370 1659 500 1704 rum
516 1685 535 1719 ,
588 1657 699 1721 pro
742 1655 976 1704 summo
1024 1645 1361 1720 acceptum,
1407 1639 1573 1704 velut
1615 1646 1856 1704 eentum
1872 1685 1891 1719 ,
1949 1641 2149 1704 animo
2202 1660 2580 1723 repraesen-

340 1754 501 1810 tare
552 1754 788 1830 potest,
839 1746 957 1814 nisi
1010 1744 1185 1810 simul
1238 1744 1318 1808 de
1370 1746 1708 1829 nonaginta
1759 1752 1821 1814 et
1873 1748 2190 1830 octoginta
2241 1754 2303 1811 et
2356 1753 2584 1816 ceteris

366 1853 621 1937 singulis
664 1853 727 1914 in
771 1871 849 1918 oo
903 1850 1151 1914 inclusis
1202 1852 1473 1916 numeris
1515 1852 1762 1934 cogitat.
1845 1851 2143 1916 Numerus
2189 1858 2579 1922 centenarius

371 1965 471 2021 est
521 1959 816 2037 quaedam
869 1959 1102 2035 unitaS,
1160 1957 1274 2020 sed
1327 1956 1432 2019 ubi
1474 1955 1594 2019 hoc
1634 1975 1816 2019 unum
1859 1959 1994 2021 sine
2037 1958 2267 2039 multis,
2312 1951 2469 2043 qua‘e
2510 1966 2577 2028 in

371 2082 449 2128 eo
495 2066 899 2144 continentur,
944 2064 1263 2147 cogitatur,
1296 2062 1506 2128 ‘nullus
1551 2069 1648 2126 est
1688 2062 1937 2143 amplius
1980 2083 2287 2130 numerus.

539 2211 687 2276 Item
743 2216 1008 2293 apparet,
1062 2213 1117 2275 si
1158 2211 1383 2275 bonum
1442 2211 1595 2274 nihil
1641 2212 1760 2275 nisi
1807 2230 1990 2275 unum
2047 2222 2246 2296 esset,
2301 2223 2366 2279 et
2419 2219 2578 2281 sim-

368 2318 511 2399 plex
569 2319 832 2381 omnium
883 2335 1085 2381 rerum
1138 2317 1306 2397 finiS,
1351 2324 1669 2398 oportere,
1724 2331 1845 2381 una
1896 2326 2065 2383 esset
2121 2323 2253 2406 ejus
2296 2323 2572 2390 scientia.

370 2424 521 2489 Sunt
570 2442 720 2487 vero
775 2442 1063 2506 perquam
1127 2424 1276 2488 varii
1329 2423 1482 2488 fines
1535 2431 1596 2487 et
1648 2426 1853 2488 variae
1907 2428 2233 2510 scientiae,
2299 2431 2468 2495 velut
2520 2435 2574 2497 si

370 2531 505 2594 finis
560 2550 633 2593 ac
684 2531 910 2595 bonum
964 2536 1058 2592 est
1109 2531 1333 2612 ubique
1398 2538 1797 2613 opportunum
1862 2537 2150 2615 temporis
2204 2546 2574 2603 momentum

372 2637 873 2720 deprehendere,
923 2635 1043 2700 hoc
1093 2638 1156 2702 in
1208 2637 1371 2703 bello
1424 2640 1682 2703 scientia
1734 2639 1970 2704 militari
2023 2647 2448 2727 cognoscitur,
2507 2649 2573 2711 in

368 2743 599 2809 morbis
644 2742 927 2807 mirandis
970 2743 1305 2825 medicina,
1359 2752 1542 2826 atque
1579 2746 1662 2808 ita
1703 2752 1892 2810 totum
1934 2766 2048 2828 per
2087 2769 2328 2814 omnem
2367 2772 2573 2817 rerum
2682 2807 2689 2815 .

367 2853 816 2915 universitatem
860 2868 1181 2931 permeans
1221 2852 1444 2914 honum
1489 2868 1612 2915 non
1656 2853 2023 2938 intelligitur,
2068 2859 2184 2921 nisi
2225 2861 2286 2921 in
2317 2861 2574 2944 singulis

367 2958 574 3035 rebuS,
612 2965 672 3020 et
716 2959 894 3020 variis
941 2958 1231 3036 scientiis,
1269 2976 1426 3038 quae
1455 2957 1530 3019 ad
1568 2974 1674 3020 cas
1698 2962 2016 3039 pertinent.
2075 2964 2246 3036 Quae
2280 2974 2572 3046 reputans

370 3063 730 3126 Aristoteles
775 3065 869 3143 id,
926 3064 1089 3144 quod
1133 3062 1298 3126 Plato
1344 3062 1892 3146 postulaverat,
1953 3075 2018 3130 ut
2060 3070 2323 3132 omnium
2365 3091 2570 3137 rerum

369 3170 503 3233 finis
547 3176 609 3231 et
653 3170 964 3233 consilium
1010 3177 1490 3255 cognosceretur
1519 3174 1693 3252 ¹⁷⁶),
1737 3174 1817 3235 ita
1861 3192 2161 3259 peragere
2205 3178 2458 3260 studuit,
2503 3184 2570 3243 ut

369 3446 494 3512 175)
528 3446 648 3497 Hoc
695 3443 910 3496 minime
952 3451 1116 3512 negat
1160 3445 1510 3514 Aristoteles,
1558 3449 1653 3518 qui
1697 3448 1798 3503 nisi
1846 3466 2021 3504 rerum
2070 3454 2398 3519 agendarum
2444 3457 2567 3510 finis

509 3534 704 3604 aliquis
738 3538 883 3586 esset
908 3550 1142 3588 summus
1181 3543 1236 3610 et
1277 3544 1574 3605 extremus,
1621 3540 1697 3592 ait
1730 3540 1786 3593 in
1822 3541 1945 3595 Eth.
1981 3542 2190 3596 Nicom.
2226 3545 2268 3597 1.
2305 3548 2357 3611 l,
2391 3545 2567 3598 nisum

508 3631 751 3680 nostrum
779 3641 1096 3694 omnemque
1131 3627 1458 3694 appetitum,
1500 3635 1689 3700 utpote
1724 3630 1781 3684 in
1815 3631 2082 3685 infinitum
2116 3634 2566 3702 progredientem,

504 3717 715 3770 irritum
747 3715 865 3770 fore
907 3721 1069 3786 atque
1116 3717 1358 3785 inanem,
1407 3724 1466 3771 et
1507 3721 1574 3773 de
1608 3737 1716 3791 quo
1752 3721 1826 3775 ib.
1861 3716 1903 3775 Ῐ.
1935 3723 1972 3776 4
2005 3722 2141 3778 nihil
2188 3724 2321 3777 certi
2355 3726 2566 3794 statuit,

485 3797 675 3879 ’πρὸς
722 3807 787 3861 ἓν
846 3802 1108 3861 ἅπαντα
1151 3812 1525 3878 συντελεῖν,
1584 3810 1639 3864 id
1683 3814 1740 3867 in
1788 3814 2168 3883 Metnphysicis
2216 3817 2394 3871 docet.
2442 3817 2564 3878 vid.

506 3917 653 3969 supr.
687 3906 803 3956 not.
835 3901 906 3955 ὁὸ
941 3905 999 3952 et
1033 3898 1274 3968 Metaph.
1309 3919 1367 3963 α,
1397 3902 1448 3962 2.

369 4009 499 4077 176)
528 4012 690 4064 Claro
721 4012 827 4066 hoc
859 4018 1084 4081 apparet
1117 4027 1187 4065 ωε
1216 4013 1461 4066 Socratis
1493 4014 1669 4069 verli·
1703 4015 1762 4070 in
1794 4018 2159 4072 Phaedone
2194 4035 2245 4086 p.
2264 4020 2400 4073 973
2425 4036 2563 4088 sqq„

511 4101 625 4170 qui,
656 4118 820 4172 quum
855 4104 1123 4172 quondam
1151 4102 1397 4160 'audisset
1428 4120 1499 4160 ex
1531 4104 1670 4160 libro
1702 4109 2082 4177 Anaxagorae,
2118 4113 2348 4164 mentem
2381 4110 2564 4164 omnia
