2900 4759
2424 211 2548 275 109

333 386 406 448 ‘in
434 384 635 448 ‘rebus
686 383 940 466 publicis
993 388 1352 472 versentur,
1406 387 1471 447 et
1512 382 1780 464 quisquis
1823 381 1901 446 ad
1956 382 2204 450 easdem
2235 380 2552 447 accedere

343 492 518 572 velit,
582 499 685 581 aut
730 509 855 558 nna
908 491 1167 573 injustus
1231 490 1309 556 sit
1360 485 1650 571 oportffle
1703 494 1805 554 aut
1845 487 2038 551 solum
2091 490 2372 554 omnibus
2391 521 2398 530 ·
2417 488 2553 556 istis

341 600 726 668 resistentem
769 599 851 660 ita
891 597 1216 677 periturum
1261 612 1440 674 esse,
1483 601 1549 659 ut
1591 613 1711 659 nec
1754 593 1975 659 civitati
2016 612 2140 658 nec
2181 595 2388 658 aulicis
2411 612 2548 660 ¹nec

342 706 458 785 ipsi
513 704 833 785 quidquam
875 701 1020 766 inde
1076 702 1341 767 utilitatis
1393 700 1730 782 redundet,
1775 736 1857 748 --
1917 700 2034 764 hac
2087 700 2240 764 tristi
2296 701 2550 766 civitatis

344 810 695 878 conditione
739 815 1089 891 perspecta,
1144 828 1226 892 egr
1275 808 1694 874 humanornm'
1723 807 2107 893 negotiorum
2158 806 2348 871 turbis
2384 795 2550 874 totus
2610 867 2612 870 ,

345 916 424 980 ad
470 916 703 982 divinas
752 934 855 982 res
914 914 1260 999 confugiet,
1316 934 1389 979 ac
1441 915 1587 980 licet
1630 934 1665 977 a
1707 914 1891 998 vulgo
1936 920 2233 1003 tamquam
2284 930 2548 978 vesanus

260 1059 266 1064 -
304 1027 311 1038 '
341 1021 849 1103 reprehendatur,
902 1024 1279 1088 terrestriam
1319 1040 1522 1088 rernm
1564 1023 1886 1088 vanitatem
1931 1011 2330 1086 contemnens
2347 1064 2368 1099 ,
2412 1019 2548 1084 solo

240 1127 245 1132 ’
344 1145 604 1212 corpore
646 1130 707 1192 in
760 1129 1002 1192 civitate
1054 1127 1268 1194 relicto
1283 1174 1301 1208 ,
1356 1130 1642 1196 animum
1669 1128 1747 1191 ad
1803 1127 2038 1192 coelum
2091 1125 2314 1191 evellet
2366 1131 2428 1189 et
2471 1125 2552 1189 ad

339 1227 568 1302 meram
611 1236 881 1302 idearum
927 1235 1517 1316 contemplationem,
1562 1241 1623 1298 et
1666 1234 1830 1316 quod
1868 1234 1945 1298 ad
1979 1235 2279 1298 actionem
2305 1233 2548 1312 attinet,

341 1344 404 1405 in
461 1357 536 1405 ea
586 1342 747 1404 vitae
799 1342 1036 1406 ratione
1091 1342 1473 1421 acquiescet,
1533 1359 1652 1422 qua
1707 1342 1840 1423 ipse
1896 1357 2080 1424 purus
2135 1339 2212 1403 ab
2264 1340 2551 1423 injustitia

343 1454 523 1528 atque
562 1447 853 1532 improbis
895 1444 1070 1512 factis
1111 1446 1271 1510 hanc
1311 1448 1491 1512 vitam
1534 1447 1830 1530 transigat
1871 1453 1933 1510 et
1977 1465 2057 1510 ex
2099 1464 2173 1510 ea
2191 1465 2342 1518 cum
2381 1446 2549 1511 bona
2607 1470 2617 1482 ²

344 1569 457 1634 spe
500 1554 801 1633 animique
844 1551 1262 1632 tranquillitate
1302 1551 1596 1620 discedat.
1652 1552 1856 1634 Atque
1888 1552 2005 1620 hac
2039 1552 2283 1633 quidem
2310 1554 2548 1620 ratione

345 1659 504 1723 haud
564 1661 787 1743 exigua
837 1660 1177 1743 peregerit,
1232 1676 1353 1722 nec
1393 1665 1595 1721 tam-en
1640 1677 1901 1738 summa,
1945 1677 2124 1739 quum
2166 1665 2382 1723 nactus
2421 1677 2549 1726 non

341 1768 423 1830 sit
470 1747 898 1848 rempublicam
951 1765 1063 1830 sihi
1119 1767 1614 1829 convenientem:
1667 1767 1730 1828 in
1785 1783 1859 1829 ea
1919 1767 2079 1850 enim
2122 1773 2185 1828 et
2225 1767 2356 1847 ipse
2397 1751 2551 1847 per-

341 1871 562 1936 fectior
605 1873 787 1936 etiam
832 1872 1056 1935 evadet
1098 1878 1159 1934 et
1203 1890 1337 1935 cum
1370 1873 1616 1952 privatis
1648 1872 1833 1938 rebus
1878 1871 2051 1936 simul
2092 1871 2360 1951 publicas
2405 1885 2548 1944 ser-

340 1978 537 2054 vabit‚
594 1996 667 2040 ac
720 1995 898 2055 quum
941 1979 1004 2038 in
1045 1978 1266 2057 patria,
1312 1978 1429 2041 nisi
1474 1977 1692 2053 civium
1730 1978 1991 2057 pravitas
2037 1976 2239 2042 divino
2285 1978 2550 2059 quodam

284 2091 287 2096 ’
346 2097 493 2146 casu
532 2080 762 2145 sublata
807 2082 923 2160 sit,⁴
947 2098 1065 2144 nec
1106 2075 1303 2143 forum
1346 2099 1467 2144 nec
1496 2081 1755 2144 tribunal
1786 2100 1905 2144 nec
1940 2081 2116 2165 leges
2159 2100 2364 2163 neque
2401 2084 2543 2166 ple-

257 2221 273 2241 ·
341 2188 554 2253 hiscita
610 2192 811 2265 curet,
878 2186 939 2248 in
999 2185 1271 2267 perfecta
1324 2188 1565 2254 civitate
1615 2206 1765 2252 suae
1816 2188 2070 2252 bonitati
2129 2191 2546 2270 respondente

342 2287 666 2359 admodum
707 2291 873 2356 volet
912 2308 1015 2356 res
1061 2292 1269 2358 civiles
1329 2311 1552 2377 gerere
1607 2300 1786 2374 atque
1831 2294 1906 2357 ab
1949 2293 2125 2377 hujus
2177 2296 2546 2377 reipublicae

342 2397 652 2464 curatione
707 2405 770 2461 et
825 2397 1339 2462 administratione
1391 2399 1634 2462 minime
1687 2416 1759 2462 se
1804 2400 2065 2464 abducet
2098 2405 2116 2441 ¹
2136 2403 2162 2439 ²
2180 2407 2268 2477 ⁹).
2357 2404 2545 2478 Quis-

342 2507 476 2587 quis
519 2507 601 2568 ita
656 2523 832 2586 quam
889 2505 1145 2567 maxima
1198 2506 1416 2568 virtute
1471 2506 1779 2594 praeditus
1820 2507 1884 2568 in
1929 2507 2167 2571 civitate
2206 2510 2349 2574 item
2390 2497 2543 2593 per-

341 2612 503 2676 fecta
546 2612 718 2675 dictis
764 2618 825 2675 et
868 2610 1039 2675 factis
1084 2613 1392 2693 imperium
1416 2593 1697 2694 exercet,
1741 2630 2031 2678 summum
2057 2614 2361 2681 humanae
2389 2635 2542 2699 per-

339 2718 622 2784 fectionis
675 2717 977 2802 fastigium
1048 2719 1271 2801 attigit,
1337 2718 1416 2782 ad
1471 2720 1635 2801 quod
1694 2737 1876 2785 nemo
1931 2723 2255 2802 pervenire
2317 2732 2542 2807 potest,

341 2822 658 2910 antequam
691 2825 1027 2906 respublica
1060 2824 1135 2887 ad
1173 2823 1358 2886 divini
1393 2825 1754 2907 exemplaris
1778 2829 2165 2893 imitationem
2196 2827 2544 2896 felicissime

208 2974 221 2978 -
341 2938 440 2996 est
466 2932 784 2995 constituta
806 2937 826 2972 ¹
845 2934 977 3006 ⁸⁰).
1020 2928 1189 2991 Idem
1218 2929 1545 3012 plurimum
1581 2932 1820 3011 quidem
1839 2927 1844 2934 ’
1863 2933 1926 2994 in
1965 2933 2297 2998 divinarum
2333 2956 2542 3006 rerum

340 3036 847 3118 contemplatione
893 3041 954 3097 et
997 3034 1414 3114 exploratione
1454 3037 1644 3100 intimi
1683 3038 2090 3103 universitatis
2127 3041 2358 3105 consilii
2390 3060 2542 3106 ver·-

340 3140 585 3220 sabitur,
631 3140 708 3202 ad
754 3139 876 3204 hoc
919 3143 1138 3217 autem,
1182 3136 1481 3208 humanae
1522 3142 1703 3221 vitae,
1747 3142 1807 3205 in
1846 3160 2021 3224 quam
2054 3162 2223 3209 mera
2256 3155 2539 3212 contem·
2628 3186 2642 3210 x

480 3409 731 3462 quaeque
777 3390 1007 3446 civitatis
1039 3406 1164 3461 pars
1207 3390 1524 3445 felicitatem
1560 3397 1907 3461 assequetur,
1951 3411 2092 3463 quae
2126 3397 2221 3466 iis,
2268 3399 2359 3470 qui
2391 3406 2537 3458 ‘totos

476 3500 536 3539 se
571 3482 865 3536 communi·
918 3482 1106 3536 salutis
1152 3482 1332 3537 studio
1382 3483 1539 3544 dant,
1585 3498 1792 3537 summa
1838 3485 2103 3552 contingit
2147 3491 2250 3554 (de
2292 3493 2429 3560 Rep.
2473 3494 2537 3548 V.

474 3591 532 3644 p.
566 3573 672 3627 465
713 3574 763 3625 D
807 3571 935 3640 sq.).
1003 3573 1282 3625 Platonem
1325 3573 1427 3629 hoc
1464 3573 1758 3627 communis
1797 3574 1928 3626 boni
1963 3577 2198 3629 studium
2242 3579 2403 3633 etiam
2440 3597 2535 3635 sn-

475 3680 574 3733 pra
623 3661 892 3716 civitatem
926 3662 1233 3715 extendisse
1267 3668 1324 3715 et
1359 3664 1427 3715 ad
1472 3663 1659 3716 mnndi
1705 3662 2105 3717 universitatem
2144 3667 2393 3723 retulisse
2439 3688 2536 3726 su-

471 3770 572 3823 pra
605 3759 719 3807 not.
751 3756 811 3807 2.
840 3750 1086 3807 vidimus,

338 3845 459 3912 129)
492 3843 627 3898 Loci
663 3855 733 3895 ex
766 3842 961 3910 quibus
995 3840 1131 3894 haec
1164 3844 1482 3910 plerumque
1513 3843 1581 3894 ad
1624 3843 1844 3895 verbnm
1888 3857 2143 3913 expressa
2174 3849 2343 3902 namsi
2379 3857 2532 3932 sant:

474 3935 542 3987 de
577 3936 712 4003 Rep.
749 3935 838 3989 VI.
873 3949 926 4001 p.
961 3933 1068 3986 496
1102 3931 1450 3987 0—497A.
1485 3932 1714 3985 Phaedr.
1749 3952 1803 4002 Ρ.
1837 3935 1944 3989 249
1976 3938 2044 3991 D.
2082 3939 2310 3994 Theaet.
2344 3959 2399 4011 p.
2424 3944 2529 3998 173

398 4053 405 4062 ·
467 4026 517 4077 D
551 4026 617 4077 E.
655 4025 722 4077 de
754 4021 1147 4092 Rep.1X.fin.
1380 4053 1383 4058 -

334 4112 571 4181 130)Βο
608 4115 742 4182 Rep.
777 4115 867 4169 VI.
902 4132 957 4184 Ρ.
994 4114 1198 4169 49815.
1228 4114 1433 4168 499Β.
1469 4113 1671 4169 50οΕ.
