2900 4759
2478 190 2558 256 ⁷1

335 371 748 453 praejudicata
792 370 954 433 ducti
998 368 1288 447 opinione
1333 366 1585 449 petiisse
1628 366 1809 436 nobis
1853 367 2157 443 videmur,
2215 373 2396 446 atque
2439 363 2561 428 hoe

335 476 477 540 loeo
518 476 828 542 brevitatis
877 491 1062 537 causa
1107 472 1358 536 aliorum
1394 472 1731 536 doctiorum
1775 474 2036 536 virorum
2069 478 2177 547 ⁵⁴)
2224 472 2559 536 sententias

337 602 540 663 neque
588 582 929 646 -laudantes
984 597 1187 659 neque
1253 578 1487 641 directo
1556 581 1979 661 impugnantes
2037 578 2385 642 conabimur
2437 598 2558 644 ex.-

334 706 587 768 ponere.
2559 674 2580 698 ⁵

509 794 606 855 Uti
649 793 818 854 initio
867 794 1236 870 monuimuS,
1292 793 1487 856 verbo
1534 792 1680 855 boni
1734 809 1976 870 semper
2019 790 2176 852 inest
2217 792 2382 852 notio
2425 791 2558 854 finis
2645 771 2654 778 ⁸

337 907 400 962 et
443 898 700 963 consilii.
790 897 857 960 Id
907 900 1065 960 enim
1129 904 1224 961 est
1268 898 1445 964 alicui
1499 899 1758 976 bonum,
1814 896 1978 978 quod
2035 895 2114 958 ad
2165 894 2344 960 finem
2387 913 2558 958 suum

334 1003 701 1086 perventuro
752 1006 1160 1083 expetendum
1205 1011 1323 1084 est,
1366 1012 1429 1067 et
1475 1011 1769 1085 quatenus
1799 1005 1933 1085 quis
1957 1002 2235 1083 pervenit
2267 1001 2343 1064 ad
2379 1002 2557 1066 finem

335 1112 411 1175 ab
466 1113 655 1192 ipsius
712 1116 927 1172 natura
983 1116 1046 1171 et
1102 1115 1355 1177 notione
1408 1115 1816 1195 propositum,
1884 1116 2137 1172 eatenus
2193 1115 2289 1170 est
2338 1108 2556 1170 bonus.

336 1220 631 1293 Quoniam
690 1222 889 1282 autem
946 1216 1226 1299 singulae
1281 1237 1384 1281 res
1441 1221 1515 1282 ab
1577 1217 1706 1280 aliis
1745 1223 1891 1279 sunt
1946 1220 2263 1296 separatae
2308 1220 2370 1275 et
2413 1231 2558 1275 suos

337 1343 614 1405 quaeque
659 1323 888 1384 hab-ent
929 1322 1269 1402 peculiares
1315 1325 1503 1403 fines,
1561 1324 1804 1387 diversa
1848 1341 1992 1386 esse
2017 1322 2315 1384 ¹videntur
2358 1325 2418 1381 et
2463 1337 2559 1398 ea,

338 1434 398 1493 in
443 1431 659 1510 quibus
706 1435 992 1491 cernatur
1036 1449 1241 1494 earum
1284 1432 1549 1510 bonitas,
1597 1436 1660 1493 et
1704 1448 1801 1507 ea,
1848 1447 2004 1509 quae
2049 1429 2109 1489 in
2140 1427 2298 1489 hanc
2336 1444 2557 1488 unam-

336 1555 635 1617 quamque
681 1533 1005 1596 deducant.
1094 1537 1290 1615 Sane,
1350 1537 1463 1601 sed
1509 1554 1651 1600 esse
1693 1541 1897 1615 potest
1940 1533 2071 1596 finis
2118 1533 2390 1613 quidam,
2436 1551 2555 1612 quo

268 1662 276 1669 ·
337 1631 734 1707 communiter
784 1641 1071 1719 tendunt,
1149 1644 1287 1723 quia
1340 1644 1683 1726 singulares
1738 1659 1940 1702 earum
2009 1640 2164 1704 fines
2217 1641 2356 1703 huic
2418 1646 2558 1702 sunt

331 1750 618 1832 subjecti:
674 1766 748 1810 ac
789 1748 843 1809 si
885 1764 1075 1822 uuum*
1115 1750 1398 1828 ponimus
1443 1751 1659 1828 finem,
1718 1749 1817 1829 qui
1864 1750 2126 1810 omnium
2170 1766 2372 1810 rerum
2417 1748 2556 1810 sin-

333 1844 514 1939 gulos
552 1855 706 1917 fines
754 1853 1212 1934 complectatur,
1256 1874 1525 1922 summus
1572 1863 1634 1918 et
1674 1855 1928 1918 ultimus·
1959 1853 2057 1916 hic
2087 1854 2240 1932 erit,r
2267 1854 2346 1916 ad
2375 1872 2554 1933 quem

335 1962 541 2023 omnia
581 1957 819 2039 singula
861 1958 1230 2037 referuntur,
1274 1963 1407 2040 ipse
1454 1969 1650 2024 autem
1695 1978 2010 2039 nusquam.
2069 1960 2412 2021 Communis
2458 1959 2558 2019 hic

335 2065 516 2127 totius
560 2079 763 2124 rerum
816 2064 1223 2140 universitatis
1279 2066 1447 2143 finiS,
1502 2067 1582 2130 ad
1626 2069 1804 2146 quem
1848 2065 1904 2127 si
1956 2070 2310 2144 perventum
2364 2071 2555 2142 esset,

335 2169 535 2234 omnia
578 2166 782 2229 forent
823 2165 1007 2246 bona,
1056 2175 1150 2230 est
1193 2169 1255 2232 id
1301 2171 1467 2250 quod
1514 2172 1790 2235 omnibus
1832 2170 2057 2233 bonum
2095 2150 2199 2232 ‘est
2240 2178 2303 2233 et
2344 2190 2378 2232 a
2409 2170 2554 2232 Pla-

334 2283 481 2342 tone
538 2274 732 2354 ipsum
786 2271 1010 2335 bonum
1066 2264 1449 2352 (τάγαθόν,
1524 2271 1693 2350 αὐτὸ
1752 2274 1828 2340 τὸ
1883 2269 2195 2360 ἀγαθόν)
2261 2278 2361 2339 vel
2415 2277 2558 2342 idea

336 2382 483 2446 boni
537 2372 613 2455 (ἡ
677 2370 822 2440 ἰδέα
879 2375 998 2440 τοῦ
1039 2372 1351 2468 α’γαθζοῦ)
1409 2384 1758 2467 appellatur.
1848 2385 1984 2450 Non
2040 2388 2201 2449 enim
2253 2385 2556 2465 opinatur,

334 2504 732 2570 quaecunque
776 2485 838 2547 in
883 2485 1002 2550 hoc
1026 2489 1271 2566 *mundo
1320 2489 1441 2551 sint
1486 2508 1613 2567 res,
1658 2508 1766 2554 eas
1815 2492 1899 2554 ita
1949 2510 2091 2555 esse
2136 2492 2463 2573 disjunctas
2494 2496 2558 2552 et

332 2613 444 2676 per
487 2612 557 2656 se
604 2598 977 2670 constantes,
1023 2600 1089 2654 ut
1131 2613 1303 2656 suum
1337 2613 1617 2675 quaeque
1646 2598 1840 2660 solum
1872 2606 2160 2680 sequatur
2187 2597 2556 2679 peculiarem

334 2702 535 2779 finem,
582 2699 694 2761 sed
738 2716 1089 2778 persuasum
1137 2701 1250 2764 sibi
1279 2700 1535 2780 habens,
1571 2700 1643 2765 in
1682 2723 1882 2767 rerum
1928 2707 2319 2770 universitate
2355 2704 2557 2767 omnia

338 2809 413 2871 ah
457 2825 578 2869 una
620 2812 824 2867 mente
871 2824 1013 2868 esse
1063 2806 1342 2870 ordinata
1374 2814 1435 2869 et
1483 2809 1774 2888 disposita
1819 2819 2105 2894 certaque
2143 2813 2379 2875 ratione
2422 2811 2557 2891 regi

340 2922 518 2995 atque
564 2912 968 2980 administrari
998 2917 1132 2990 ⁵⁵),
1177 2933 1360 2976 unum
1401 2917 1604 2976 statuit
1630 2934 1773 2979 esse
1806 2919 2144 2996 consilium,
2188 2936 2306 2997 quo
2353 2916 2555 2980 omnia

378 3165 474 3228 54)
512 3164 754 3216 Quorum
790 3161 1008 3213 nomina
1057 3165 1113 3213 et
1151 3162 1218 3214 de
1262 3163 1476 3215 ratione
1521 3165 1662 3217 inter
1713 3165 1886 3219 ideam
1941 3169 2068 3221 boni
2104 3174 2160 3220 et
2194 3171 2354 3221 deum
2387 3169 2556 3221 inter-

484 3253 712 3305 cedente
740 3251 949 3316 judicia
986 3252 1083 3320 qni
1123 3267 1449 3318 cognoscere
1487 3259 1618 3321 vult,
1655 3257 1906 3325 inspiciat
1948 3259 2186 3328 inprimis
2222 3261 2557 3314 doctissimas

483 3344 547 3396 C.
577 3344 645 3393 F.
680 3341 1055 3393 Her-manni
1092 3342 1403 3405 „Vindicias
1439 3346 1816 3415 disputationis
1852 3351 1920 3402 de
1957 3352 2079 3404 idea
2103 3351 2231 3404 boni
2257 3353 2402 3420 apud
2429 3354 2556 3407 Pla-

479 3430 711 3485 tonem.”
745 3432 942 3495 (Marb.
982 3434 1138 3509 1839:
1172 3434 1250 3502 4).

377 3560 473 3624 55)
510 3559 796 3609 Praeclare
833 3558 972 3610 hanc
1012 3558 1333 3612 sententiam
1386 3562 1633 3613 elocutus
1670 3569 1756 3614 est
1786 3565 1841 3619 in
1881 3567 2048 3632 Gorg.
2086 3587 2138 3634 p.
2172 3565 2276 3621 507
2311 3570 2375 3619 F..
2412 3572 2469 3617 et
2501 3566 2560 3620 in

484 3648 695 3703 Phileb.
732 3665 786 3715 p.
822 3648 910 3701 28.
964 3649 1097 3699 Item
1132 3648 1449 3701 Aristoteles
1484 3651 1721 3718 Metaph.
1758 3654 1831 3715 A,
1867 3656 1963 3706 10:
1999 3656 2168 3707 πάντα
2209 3652 2558 3707 συντέτακταί

484 3758 611 3802 πως,
646 3737 840 3804 inquit,
875 3764 944 3775 ·--
980 3765 1052 3776 -
1088 3738 1176 3787 καὶ
1224 3734 1320 3800 οὐχ
1357 3736 1524 3798 οὕτως
1557 3742 1685 3804 ἔχει,
1728 3734 1860 3793 ὥστε
1893 3742 1968 3810 μὴ
2004 3745 2138 3795 εἶναι
2170 3744 2388 3814 θατέρῳ
2425 3741 2557 3814 πρὸς

480 3823 715 3897 θάτερον
754 3821 954 3898 μηδὲν,
1006 3821 1112 3876 ἀλλ’
1151 3826 1261 3876 ἐστὶ
1307 3823 1445 3896 πρός
1474 3850 1543 3879 τι.
1591 3825 1725 3898 πρὸς
1757 3836 1855 3899 μὲν
1880 3827 1983 3902 γὰρ
2019 3833 2073 3884 ἓν
2119 3832 2321 3886 ἅπαντα
2366 3829 2554 3887 συντέ-

479 3937 692 3982 τακται,
724 3917 908 3988 ibique
943 3918 1042 3972 snb
1079 3916 1182 3967 fin:
1232 3918 1307 3975 εἷς
1341 3918 1602 3987 κοίρανος.
1637 3949 1710 3960 -
1756 3923 1818 3973 In
1865 3924 2173 3977 memoriam
2219 3927 2553 3978 revocandae

483 4014 610 4060 sunt
642 4010 745 4063 hoc
777 4014 899 4063 loco
933 4007 1200 4072 notiones,
1238 4001 1371 4074 quas
1402 4007 1461 4059 in
1492 4011 1690 4065 Introd.
1729 4029 1846 4082 cap.
1865 4016 1905 4066 Ι.
1943 4016 2344 4083 explicavimus.
2376 4018 2554 4084 Ipsum
2657 4013 2662 4017 ’

492 4098 689 4152 bonnm
726 4102 837 4155 sive
873 4099 1000 4153 idea
1030 4096 1160 4151 boni
1197 4090 1498 4168 (τάγαθὸν)
1549 4108 1633 4155 est
1666 4103 1788 4159 finis
1835 4122 1870 4157 u
1885 4123 1917 4159 n
1932 4106 1952 4158 i
1967 4123 2037 4159 ve
2052 4123 2077 4159 r
2091 4125 2117 4160 s
2134 4107 2287 4161 itati
2324 4124 2350 4160 r
2364 4125 2395 4158 e
2412 4125 2437 4160 r
2453 4124 2484 4157 u
2501 4124 2552 4158 m
