2900 4759
366 191 455 257 40

371 379 531 444 non,
582 363 738 429 salsa
770 372 843 429 'et
891 367 1066 432 mala.
1153 367 1456 449 Apparet,
1511 367 1656 432 illud
1689 367 1975 434 ¹Socratis
2033 367 2253 433 dictum
2275 465 2280 474 .
2303 366 2428 431 hae
2457 385 2569 432 ra-

328 544 336 553 ,
372 472 542 553 tione
598 489 723 536 non
776 473 988 556 negari
1002 521 1021 554 ,
1089 478 1269 541 immo
1339 476 1677 541 confirmari
1737 473 2028 554 simulque
2086 475 2164 537 ad
2221 475 2575 557 principium

252 665 257 669 .
374 595 559 643 suum
599 581 899 643 revocari.
952 575 1132 647 ‘Nam
1184 585 1235 648 si
1279 581 1332 648 is
1386 583 1555 649 solus
1599 584 1843 663 sapiens
1889 587 2017 660 est,
2061 581 2163 661 qui
2205 599 2428 645 numen
2474 579 2575 645 dei

268 687 279 708 '
376 684 833 767 absolutumque
874 686 1020 752 illud
1062 690 1289 756 honum
1337 694 1577 775 penitus
1621 688 1962 771 perspexit,
2020 689 2277 768 sapienti
2336 705 2578 770 quoque

373 789 517 856 licet
552 807 702 854 ¹vera
746 798 808 856 et
849 792 1024 876 farsa,
1067 798 1229 862 bona
1264 804 1325 861 et
1357 797 1511 860 mala
1549 795 1902 878 dijudicare,
1945 809 2073 856 non
2101 807 2252 857 vero
2281 775 2580 876 tamquam

374 913 457 960 ex
496 913 608 961 sua
646 900 890 980 propria
932 909 1159 983 mente,
1204 904 1318 969 sed
1353 922 1432 967 ex
1463 907 1669 965 mente
1703 900 2003 964 communi
2036 906 2100 963 et
2131 899 2353 964 divina.
2406 901 2577 975 Qua-

372 1007 621 1084 propter
652 1011 969 1088 utramque
1021 1010 1319 1073 rationem
1378 1007 1692 1091 conjunxit
1728 1007 1793 1069 in
1837 1004 2120 1069 extremis
2162 1006 2368 1070 verbis
2410 1006 2580 1070 Poli-

374 1109 529 1189 tiae,
585 1111 801 1190 quibus
842 1111 1018 1196 hujus
1064 1116 1223 1178 vltae
1254 1133 1404 1194 ‚eum
1448 1131 1592 1177 esse
1635 1130 1926 1175 summum
1966 1110 2147 1173 finem
2187 1111 2363 1191 dicit,
2413 1118 2480 1175 ut
2519 1118 2583 1175 et

374 1215 679 1278 nobismet
718 1217 865 1298 ipsis
911 1222 1097 1283 simus
1142 1226 1205 1283 et
1249 1219 1363 1283 diis
1409 1219 1603 1282 amici.
1689 1217 1896 1297 ltaque
1940 1215 2017 1279 ad
2062 1216 2313 1280 deorum
2355 1218 2580 1282 volun-

374 1325 556 1383 tatem
601 1309 664 1384 et
708 1321 788 1386 ad
842 1332 1069 1389 rectam
1122 1331 1397 1391 nostram
1451 1325 1584 1407 ejus
1638 1323 2088 1406 intelligentiam
2148 1329 2360 1387 censet
2399 1329 2585 1388 totam

375 1443 521 1491 esse
565 1432 1047 1511 componendam
1087 1433 1334 1496 vivendi
1377 1429 1722 1515 agendique
1743 1429 2082 1492 rationem.

545 1534 716 1600 Haec
768 1537 848 1600 de
902 1540 1115 1602 summi
1167 1538 1317 1602 boni
1360 1538 1647 1614 notione,
1703 1534 1942 1615 qualem
1983 1534 2150 1598 Plato
2211 1536 2583 1616 conceperit,

375 1642 691 1721 praemisi,
743 1651 810 1706 ut
851 1645 1248 1727 intelligatur,
1303 1661 1527 1706 novam
1580 1659 1719 1705 eum
1757 1642 1821 1703 in
1863 1641 1966 1705 illo
2013 1639 2438 1710 constituendo
2479 1642 2584 1703 in-

376 1759 657 1829 gressum
713 1763 856 1814 esse
911 1752 1067 1814 viam
1108 1755 1173 1813 et
1216 1749 1626 1832 dignissimam
1643 1793 1662 1826 ,
1723 1763 1898 1828 quam
1939 1747 2396 1831 diligentissime
2435 1744 2585 1828 per·-

316 1829 329 1844 ’
375 1849 716 1917 lustremus.
788 1857 967 1931 Quod
1012 1863 1078 1920 ut
1120 1856 1242 1936 fiat,
1286 1855 1674 1935 Platonisque
1717 1857 1795 1919 de
1837 1871 2071 1921 summo
2115 1854 2282 1918 bono
2325 1861 2586 1918 senten·-

374 1958 459 2020 tia
492 1975 626 2022 cum
658 1963 960 2043 omnibus,
996 1962 1212 2042 quibus
1241 1963 1484 2040 nitatur,
1503 1961 1890 2046 ’argumentis
1921 1959 2271 2041 explicetur,
2289 1963 2296 1976 ‘
2316 1961 2586 2041 primum,

242 2073 255 2080 ‘
376 2078 497 2142 qua
537 2067 773 2131 ratione
808 2069 887 2131 de
920 2069 1136 2144 alienis
1183 2068 1440 2155 eandem
1486 2087 1615 2131 rem
1657 2068 2088 2151 attingentibus
2129 2063 2442 2131 sententiis
2477 2068 2587 2149 ju-

376 2167 690 2250 dicaverit,
735 2187 1037 2255 quaerere
1081 2180 1144 2237 et
1186 2191 1501 2256 exponere
1543 2192 1659 2238 nos
1706 2178 1968 2255 oportet.

549 2278 959 2368 Quaecunque
1014 2285 1155 2343 ante
1210 2280 1522 2344 Platonem
1581 2287 1643 2343 et
1686 2299 1722 2342 a
1777 2277 2147 2362 philosophis
2203 2285 2265 2341 et
2308 2297 2345 2341 a
2385 2277 2586 2360 philo-

375 2378 631 2458 sophiae
673 2385 961 2466 imperitis
1009 2385 1087 2448 de
1117 2403 1349 2451 summo
1385 2387 1551 2450 bono
1586 2383 2006 2467 pronuntiatae
2048 2391 2187 2448 sunt
2230 2386 2588 2464 sententiae,

382 2483 460 2550 ad
491 2486 621 2551 illas
654 2497 781 2555 tres
821 2492 896 2554 ab
920 2492 1250 2573 Aristippo,
1295 2492 1680 2573 Antisthene,
1722 2492 1976 2556 Euclide
2020 2491 2307 2556 defensas
2335 2499 2590 2572 possunt

377 2596 660 2657 revocari
690 2600 778 2672 ὅ).
866 2599 929 2663 Si
986 2601 1145 2664 enim
1197 2599 1463 2664 Platonis
1519 2606 1715 2664 aetate
1770 2599 1987 2681 vulgus
2041 2599 2115 2662 iis
2167 2599 2355 2662 rebus
2408 2599 2587 2661 vitam

366 2694 617 2762 >beatam
661 2706 958 2767 contineri
1004 2706 1313 2785 opinatur,
1374 2722 1524 2786 quas
1568 2704 1810 2768 Herculi
1850 2704 2148 2768 Prodiceo
2191 2711 2447 2785 patrona
2488 2706 2588 2767 vi-

378 2802 654 2870 tiositatis
706 2816 1006 2891 tamquam
1059 2812 1222 2873 bona
1266 2829 1302 2872 a
1346 2828 1416 2873 se
1463 2810 1603 2873 data
1646 2817 1959 2873 enumerat
1988 2817 2090 2890 θ),
2147 2813 2446 2874 vacuitate
2486 2807 2616 2875 la-'

375 2907 592 2975 horum
637 2922 697 2978 et
738 2916 935 2981 fructu
978 2917 1272 2995 omnium,
1330 2935 1488 2997 quae
1532 2934 1752 2982 sensus
1794 2918 2198 2999 permulcent,
2243 2917 2385 2980 nihil
2431 2918 2589 2981 aliud

274 3045 279 3048 ¹
378 3028 671 3095 quaerunt
726 3042 902 3105 quam
956 3023 1351 3103 voluptatem:
1408 3023 1461 3085 si
1503 3023 1786 3087 meliores
1831 3031 1893 3087 et
1945 3023 2257 3104 politiores
2311 3024 2587 3087 virtutem

370 3120 459 3183 ibi
509 3125 869 3210 descriptam
914 3138 1265 3211 sequuntur,
1309 3135 1374 3192 ut
1415 3131 1667 3211 gratiam
1712 3130 1997 3214 deorum,
2040 3148 2306 3195 amorem
2351 3131 2587 3194 amico-

374 3247 530 3308 rum,
578 3232 874 3300 honorem
919 3237 982 3298 in
1027 3238 1290 3316 civitate,
1334 3235 1589 3318 gloriam
1630 3235 1693 3297 in
1739 3235 2016 3315 Graecia,
2064 3254 2240 3317 opeS,
2283 3236 2587 3302 valetudi-

511 3493 726 3530 sensum
763 3480 1054 3548 auferrent,
1084 3484 1242 3534 Plato
1274 3482 1433 3546 jubet
1467 3483 1763 3552 sapientem
1798 3483 1853 3536 id
1891 3486 2127 3553 studere,
2163 3490 2224 3537 ut
2262 3485 2395 3539 diis
2430 3490 2586 3552 grata

515 3573 572 3620 et
605 3569 750 3623 dicat
785 3565 841 3624 et
875 3571 1057 3626 faciat.
1129 3574 1360 3626 Phaedr.
1395 3592 1450 3642 p.
1486 3576 1591 3628 273
1624 3576 1690 3627 E.
1726 3574 1797 3627 cf.
1832 3593 1886 3643 p.
1922 3577 2028 3628 242
2062 3578 2131 3629 D.

445 3655 499 3723 5)
535 3660 688 3714 Hanc
734 3662 897 3715 etiam
934 3665 1002 3716 ob
1039 3681 1258 3717 causam
1296 3679 1365 3716 ex
1416 3651 1663 3718 omnibus
1697 3673 1730 3718 α’
1761 3668 1985 3719 Socrate
2020 3665 2262 3733 proxime
2298 3665 2429 3719 ortis
2465 3665 2588 3733 phi-

511 3751 752 3819 losophis
789 3753 885 3806 bos
923 3760 1030 3807 tres
1065 3758 1209 3808 solos
1244 3763 1462 3823 praeter
1494 3757 1773 3809 Platonem
1814 3755 2218 3809 nominavimus.
2243 3819 2248 3824 ψ
2278 3757 2585 3810 Eretriacos
2638 3789 2643 3796 ·

520 3840 864 3911 philosophos
909 3861 1031 3897 cum
1076 3846 1364 3911 Megaricis
1408 3847 1489 3899 ita
1537 3846 1909 3909 consensisse,
1947 3851 2128 3900 narrat
2163 3847 2355 3900 Cicero
2393 3847 2586 3913 (Aeaci.

518 3936 583 3986 Π.
619 3933 734 3999 42),
769 3939 831 3986 ut
865 3951 1048 3987 eornm
1088 3952 1244 3988 omne
1280 3938 1482 3991 bonum
1518 3939 1574 3993 in
1618 3943 1795 3992 mente
1832 3935 2065 4006 positum
2101 3937 2266 3991 fuerit
2300 3944 2358 3992 et
2391 3937 2587 3991 mentis

470 4038 474 4042 ·
510 4023 646 4090 acie,
682 4041 790 4094 qua
825 4041 1007 4079 verum
1044 4034 1371 4083 cerneretur.

433 4115 494 4181 6)
534 4116 671 4168 Xon.
707 4117 868 4172 Mem.
907 4119 971 4170 11.
1012 4120 1063 4183 1,
1097 4118 1168 4171 :24
1204 4134 1323 4187 sqq.
