2900 4759
2475 231 2555 291 65

352 410 468 481 est,
512 402 966 481 acerrimaeque
1006 398 1505 481 reprehensionis
1554 417 1761 466 ansam
1808 401 1993 463 dedit.
2071 401 2202 465 Nee
2244 407 2447 463 tamen
2492 417 2567 464 ea

350 508 593 592 dignum
640 523 783 572 esse
827 511 1115 570 nostrum»
1140 506 1563 589 philosophum
1600 507 2024 589 judicabimus,
2070 509 2184 571 nisi
2217 508 2315 571 bie
2346 508 2562 592 magis,

348 631 524 697 quam
568 614 674 678 illo
713 614 879 691 loco,
926 630 1046 693 quo
1090 612 1342 693 repletio
1389 616 1527 695 ipsa·
1564 609 1839 694 voluptas
1885 612 2328 693 appellabatur,
2357 614 2563 680 ‘verba

344 740 570 804 urgere
622 718 915 783 volemus
1003 718 1070 781 In
1125 721 1413 782 universa
1470 720 1548 782 de
1602 719 1909 800 voluptate
1965 720 2229 782 instituta
2284 721 2560 800 disputa·-

347 829 515 891 tione
549 844 674 888 non
710 843 957 889 sensum
984 825 1239 907 jucundi
1268 833 1577 906 spectans,
1622 827 1737 890 sed
1767 827 1963 907 ipsum
1994 826 2350 907 jucundum,
2395 827 2564 907 quod

345 935 393 996 a‘
425 949 613 996 sensu
653 932 1005 1013 percipitur,
1060 947 1267 1011 parum
1310 939 1627 1010 accurate,
1675 933 1930 996 consilio
1979 936 2178 993 autem
2223 949 2333 995 suo
2378 951 2560 1012 pror—

346 1057 449 1103 sus
495 1038 950 1102 accommodate
991 1038 1358 1116 voluptatem
1400 1040 1593 1119 ipsam
1638 1039 1784 1101 dicit
1826 1059 1861 1102 e
1876 1057 1949 1102 ss
1964 1058 2001 1101 e
2056 1036 2453 1118 repletionem
2500 1046 2562 1102 et

344 1147 836 1229 generationem,
896 1161 1077 1223 quum
1131 1161 1350 1206 revera
1406 1146 1705 1208 oriatur
1758 1152 1983 1208 tantum
2033 1163 2113 1208 ex
2155 1146 2267 1223 iis,
2295 1219 2299 1228 .
2325 1151 2388 1206 et
2438 1135 2563 1209 non

341 1253 617 1334 voluptas
652 1250 1111 1334 sit-generatim
1158 1249 1273 1327 sed
1310 1250 1387 1312 id*
1420 1250 1584 1331 quod
1622 1249 1960 1332 jucundum
1997 1258 2091 1315 est
2121 1251 2564 1332 voluptatisque

343 1377 588 1424 sensum
635 1358 876 1421 excitat.
942 1354 1093 1418 ‘Tali
1139 1357 1498 1419 accuratiori
1543 1359 1782 1420 ratione
1835 1357 2126 1437 loquendi
2179 1358 2372 1438 ipsum
2418 1356 2564 1420 Pla·-

341 1472 550 1529 tonem
583 1453 756 1527 usum
790 1479 933 1525 esse
959 1457 1234 1523 videmus
1269 1463 1330 1524 in
1366 1463 1570 1525 verbis
1606 1462 1742 1525 libri
1776 1464 1876 1524 IX.
1923 1464 2004 1526 de
2037 1465 2188 1544 Rep.
2225 1482 2282 1545 p.
2317 1462 2444 1526 583
2478 1462 2559 1526 E:

342 1565 434 1632 τὸ
491 1564 640 1647 ἡδὺ
697 1566 771 1630 ἐν
819 1564 1005 1654 ψυχῇ
1064 1560 1457 1649 γιγνόμενον
1506 1567 1624 1634 καὶ
1684 1564 1773 1630 τὸ
1814 1566 2176 1654 λυπηρὸν
2227 1562 2560 1647 κίνησίς

342 1694 444 1751 τις
481 1669 838 1757 ἀμφοτέρω
879 1666 1098 1737 ἐστόν.
1184 1675 1318 1748 Quo
1366 1676 1509 1757 jure
1565 1682 1764 1738 autem
1809 1676 2007 1739 omnia
2027 1711 2032 1716 ι
2048 1677 2316 1757 jucunda
2357 1683 2559 1740 motus

342 1790 406 1846 et
447 1783 880 1866 generationes
924 1781 1046 1844 dici
1087 1783 1345 1860 possint,
1394 1780 1508 1844 alia
1553 1779 1657 1860 est
1690 1783 1987 1864 quaestio,
2036 1800 2213 1861 quam
2257 1780 2412 1845 infra
2453 1789 2558 1846 'at-

330 1892 660 1972 fingemus.
749 1887 865 1948 Hic
913 1886 1058 1949 illud
1113 1886 1307 1949 solum
1352 1894 1665 1966 tenemus,
1722 1890 1774 1950 si
1820 1887 1878 1950 id
1897 1933 1914 1964 ‚
1973 1905 2054 1950 ex
2107 1903 2226 1967 quo
2284 1888 2560 1968 voluptas

338 1996 734 2075 percipiatur,
779 2008 1021 2071 semper
1065 1994 1381 2071 generatio
1426 1992 1727 2069 quaedam
1773 1995 1883 2069 sit,
1941 1991 2130 2071 effici,
2173 2000 2240 2055 ut
2280 1995 2557 2074 voluptas

339 2117 467 2162 non
513 2100 588 2162 sit
631 2098 895 2159 omnium
936 2095 1236 2158 bonorum
1279 2098 1618 2159 maximum.
1687 2095 1817 2159 Nisi
1861 2104 2128 2177 praestat
2169 2099 2394 2162 ceteris
2434 2100 2556 2166 bo-

341 2207 469 2285 niS,
523 2202 766 2284 multum
813 2204 991 2266 etiam
1024 2201 1235 2280 abest,
1290 2208 1354 2263 ut
1398 2203 1475 2264 sit
1515 2202 1743 2266 bonum
1801 2199 1993 2283 ipsum
2038 2204 2136 2267 vel
2181 2206 2424 2285 proprie
2465 2208 2560 2270 sic

312 2309 566 2376 'dictum
610 2327 901 2374 summum
946 2310 1190 2373 bonum.
1277 2308 1411 2371 Hoc
1456 2308 1800 2391 significare
1843 2312 2010 2375 Plato
2056 2312 2329 2391 videtur,
2376 2330 2560 2393 quum

344 2425 590 2497 matum,
660 2418 830 2499 cujus
887 2435 1069 2480 causa
1122 2413 1353 2494 aliquid
1423 2423 1789 2497 generatur,
1846 2415 1917 2477 ἐν
1971 2414 2053 2505 τῇ
2106 2414 2224 2480 τοῦ
2280 2409 2562 2499 ἀγαθοῦ

341 2516 548 2608 μοῖρα
599 2525 742 2603 poni
791 2525 999 2606 jubet,
1068 2522 1528 2606 generationem
1586 2529 1798 2586 contra
1861 2524 2127 2605 ideoque
2193 2524 2560 2605 voluptatem

344 2619 436 2702 εἰς
461 2620 685 2705 ’ἄλλην
725 2629 967 2712 μοῖραν
1011 2635 1103 2709 (p
1150 2627 1234 2689 54
1278 2629 1357 2702 C)
1404 2627 1640 2711 relegat
1664 2633 1798 2704 ⁴⁸).

484 2736 746 2799 Etenim
790 2738 1027 2799 tertium
1073 2734 1237 2815 quod
1281 2733 1359 2797 de
1403 2734 1723 2815 voluptatis
1778 2737 1974 2816 pretio
2020 2755 2160 2801 esse
2203 2744 2410 2818 potest
2442 2738 2554 2822 ju-

349 2838 567 2932 dicium
612 2861 866 2924 eamque
924 2842 1172 2906 omnino
1229 2841 1319 2903 de
1362 2840 1724 2904 bonorum
1778 2860 2086 2906 numero
2133 2827 2554 2922 eximit⁴⁹)‚

382 3031 477 3098 48)
519 3033 632 3085 Cfr.
669 3035 811 3099 quod
848 3033 984 3085 dicit
1017 3050 1071 3099 p.
1106 3034 1177 3085 20
1213 3034 1278 3097 C,
1314 3046 1537 3083 necesse
1575 3048 1693 3083 esse
1739 3013 1837 3096 τὴν
1873 3026 2126 3097 dra-9013
2157 3041 2352 3101 μοῖραν
2388 3036 2562 3086 τέλεον

485 3123 638 3186 εἶναι,
673 3129 730 3174 et
763 3140 818 3189 p.
855 3124 926 3175 60
956 3125 1020 3184 B,
1053 3123 1257 3189 μᾶλλον
1289 3125 1519 3187 μέτοχον
1555 3122 1686 3171 εἶναι
1719 3122 1815 3186 τῆς
1849 3126 1949 3172 τοῦ
1984 3116 2201 3189 ἀγαθοῦ
2230 3124 2427 3193 μοίρας
2458 3120 2559 3190 τὴν

479 3205 735 3279 φρόνησιν
768 3206 805 3277 ἢ
838 3205 937 3275 τὴν
974 3202 1186 3277 ἡδονήν.
1257 3211 1448 3279 Neque
1495 3210 1639 3277 quod
1684 3209 1937 3262 ridendos
1988 3227 2105 3262 esse
2152 3211 2229 3263 ait
2263 3211 2341 3278 (p.
2380 3213 2452 3284 54
2486 3214 2555 3267 D.

485 3302 605 3354 coll.
644 3318 696 3369 p.
734 3302 803 3353 55
838 3302 941 3368 A),
979 3300 1071 3368 qui
1108 3300 1290 3352 dicant
1325 3301 1653 3368 voluptatem
1690 3316 1809 3352 esse
1850 3302 2045 3352 boumn
2082 3293 2305 3368 (ἡδονὴν
2339 3300 2558 3373 ἀγαθὸν

376 3421 383 3425 ,
486 3391 659 3459 εἶναι),
694 3392 852 3445 aliter
878 3392 1086 3461 accipio
1124 3408 1188 3445 ac
1229 3391 1383 3459 quasi
1420 3391 1697 3461 scripserit
1730 3391 1989 3463 τάγαθόν.
2039 3394 2302 3461 Exempla
2334 3393 2393 3446 in
2431 3394 2558 3449 tuli-

481 3484 587 3534 bus
632 3482 1022 3548 locutionibus,
1075 3483 1167 3535 ubi
1212 3483 1281 3534 de
1326 3487 1445 3534 toto
1494 3498 1694 3548 genere
1725 3486 1813 3536 vel
1853 3483 1978 3536 idea.
2012 3498 2186 3535 sermo
2224 3489 2338 3550 est,
2372 3484 2558 3546 omissi

482 3572 699 3628 articuli
730 3578 857 3628 sunt
889 3574 944 3625 in
982 3573 1189 3626 Phsseb.
1222 3591 1278 3640 p.
1319 3576 1382 3625 ll
1420 3577 1483 3626 A.
1524 3573 1592 3625 de
1626 3576 1764 3642 Rep.
1788 3574 1874 3625 Vl.
1908 3589 1963 3639 p.
1993 3574 2185 3641 5050.
2222 3574 2385 3641 Hipp.
2423 3573 2557 3640 MaJ’.

482 3682 537 3731 p.
573 3665 677 3717 293
713 3664 777 3728 E,
816 3663 908 3714 ubi
945 3664 1099 3731 plura
1134 3663 1414 3716 annotavit
1450 3664 1971 3718 Staltbauniius·
2050 3662 2159 3717 Qui
2193 3662 2344 3715 ilium
2378 3665 2567 3716 locum.

483 3756 563 3807 ita
599 3753 933 3818 intelligens,
983 3759 1043 3803 ut
1076 3755 1232 3806 Plato
1267 3755 1442 3819 dicat,
1496 3755 1823 3817 voluptatem
1861 3748 2047 3803 inter
2094 3754 2265 3804 bona
2315 3770 2555 3806 nnme-

486 3846 620 3898 rari
656 3859 784 3897 non
819 3859 1022 3912 posse
1061 3859 1286 3911 neque
1342 3860 1495 3897 esse
1532 3841 1731 3894 bonis
1767 3845 2262 3897 accensendam
2311 3845 2387 3911 (v.
2416 3846 2558 3898 Pro·-

482 3937 627 4002 legg.
665 3952 718 4003 p.
755 3935 870 4003 57),
907 3951 1016 3988 non
1053 3934 1248 3987 vidisse
1282 3934 1525 3997 videtur,
1576 3935 1908 3999 quantopere
1954 3931 2088 3986 haee
2127 3936 2398 3990 sententia
2434 3952 2557 3988 cum

486 4027 620 4078 locis
655 4043 711 4094 p.
747 4029 815 4081 21
850 4029 914 4081 E.
951 4029 1021 4081 22
1056 4029 1103 4080 A
1138 4028 1183 4078 B
1218 4030 1277 4078 et
1310 4042 1365 4093 p.
1395 4025 1467 4078 63
1502 4026 1569 4080 E.
1603 4024 1674 4078 64
1708 4024 1773 4076 C.
1810 4022 2156 4092 discreparet.
2328 4086 2335 4093 ,

423 4119 479 4184 9)
517 4118 625 4174 Qui
662 4119 910 4172 dicuntur
924 4117 1133 4171 Phileb.
1152 4133 1206 4185 p.
1229 4116 1302 4171 44
1328 4116 1390 4170 C.
1413 4114 1708 4180 censuisse,
1743 4113 2012 4194 voluptati
2044 4116 2178 4169 nihil
2213 4117 2325 4150 ⁶···³
2360 4117 2375 4142 ²
