2900 4759
2449 229 2574 296 129

317 411 327 422 ‘
366 400 523 464 sitati
573 395 765 480 inest,
820 401 984 480 sive,
1041 415 1216 481 quam
1270 413 1389 464 nos
1442 400 1728 477 dicimus,
1786 381 1932 464 'cum
1985 405 2222 468 ratione
2272 403 2569 488 objectiva

366 507 676 589 congruit:
732 523 932 587 neque
985 507 1306 588 quidquam
1351 505 1511 569 aliud
1556 513 1650 569 est
1701 506 1943 571 bonum.
2030 508 2197 592 Ergo
2243 510 2463 575 bonum
2507 517 2571 575 et

361 629 571 676 verum
622 613 786 676 idem
839 619 1009 692 sunt,
1062 622 1125 676 et
1167 631 1324 695 qnae
1378 629 1482 675 res
1543 613 1759 675 dieitur
1808 631 2020 693 vera,
2081 623 2379 697 quatenns
2433 620 2568 700 ejus
2633 667 2639 672 .

363 722 630 784 essentia
676 727 738 782 et
780 721 1204 783 convenientia
1248 737 1382 783 cum
1435 720 1674 782 ratione
1711 718 2057 801 objectiva,
2105 739 2260 803 quae
2306 715 2404 786 dei
2449 731 2564 804 est,

362 828 685 909 cogitatur:
730 825 988 889 eandem
1032 827 1297 889 bonam
1344 824 1745 906 appellamus,
1801 834 2097 906 qnatenus
2140 845 2340 891 rerum
2384 829 2562 892 finem

359 935 491 996 sive
532 935 828 996 rationem
884 932 1142 995 divinam
1198 940 1499 1013 tamquam
1546 939 1823 1014 agentem
1868 940 1930 996 et
1972 933 2276 1011 volentem
2322 938 2564 1018 cogita-

356 1057 520 1118 muS,
566 1044 629 1101 et
670 1055 833 1119 rem,
876 1041 1008 1102 sive
1044 1040 1170 1121 Jam
1216 1044 1311 1101 est
1353 1039 1484 1101 sive
1531 1039 1645 1100 erit
1685 1037 1956 1117 demum,
2015 1025 2148 1101 cuin
2195 1037 2296 1101 dei
2339 1048 2562 1122 agente

353 1150 590 1209 ratione
630 1145 732 1209 vel
775 1152 1067 1227 operante
1120 1145 1430 1209 voluntate
1486 1146 1835 1207 consentire
1880 1151 1941 1207 et
1986 1144 2064 1208 ad
2110 1127 2559 1225 assequendum

354 1253 532 1315 finem
583 1270 692 1333 pro
754 1270 864 1315 sua
916 1257 1086 1333 parte
1142 1251 1524 1329 conducere,
1584 1256 1876 1331 putamus.
1965 1251 2123 1330 ReS,
2177 1259 2477 1331 quatenus
2522 1272 2559 1315 a

357 1360 475 1422 deo
521 1358 890 1442 cogitantur,
943 1376 1133 1424 verae
1180 1365 1345 1421 sunt:
1405 1362 1700 1436 quatenus
1757 1356 1908 1420 deus
1967 1376 2072 1421 eas
2115 1357 2273 1437 vult,
2332 1359 2555 1424 bonae.

351 1464 450 1528 Ad
491 1464 650 1526 hanc
693 1469 890 1526 autem
935 1463 1195 1525 divinam
1241 1461 1624 1547 cogitationis
1651 1468 1713 1524 et
1739 1462 2063 1526 voluntatis
2089 1464 2553 1528 indifferentiam

350 1588 466 1634 nos
505 1585 747 1651 quoqne
780 1570 1105 1650 pervenire
1141 1569 1456 1647 debemus,
1499 1583 1755 1649 eamque
1790 1574 2042 1631 eatenus
2081 1572 2337 1651 quisque
2369 1589 2550 1635 asse·-

353 1683 523 1739 cutus
565 1682 679 1756 est,
723 1683 1021 1756 quatenus
1065 1674 1379 1738 absolutae
1422 1676 1714 1738 scientiae
1759 1680 1823 1736 et
1866 1676 2250 1757 cogitationis
2284 1685 2379 1740 est
2407 1697 2557 1759 par-

349 1769 538 1863 ticeps
571 1786 742 1857 ιη).
830 1783 1111 1862 Quisquis
1154 1780 1307 1843 baec
1347 1783 1689 1861 perspexit,
1737 1781 1915 1860 Spin
1936 1799 2122 1845 ozae
2167 1786 2552 1866 assentietur,

349 1891 472 1970 qui,
514 1889 899 1970 voluntas,
929 1890 1141 1970 inquit,
1188 1895 1264 1950 et
1302 1886 1750 1950 intellectus
1791 1889 2330 1952 unum·etidem
2361 1896 2551 1954 sunt.

349 1995 560 2075 Neque
616 1994 789 2057 aliter
839 1996 1030 2060 sensit
1070 1995 1236 2058 Plato
1257 2040 1276 2072 ,
1331 1994 1432 2073 qui
1473 2000 1540 2056 ut
1583 1993 1899 2058 arbitratus
1943 1998 2041 2075 sit,
2087 2014 2443 2077 quemquam
2486 1998 2554 2061 id
2638 2033 2662 2050 κ

350 2100 537 2179 nolle,
582 2100 743 2181 quod
787 2103 1012 2166 bonum
1058 2118 1201 2165 esse
1249 2098 1646 2178 intellexerit,
1691 2099 1811 2161 (lici
1854 2118 1981 2165 non
2024 2110 2228 2182 potest
2272 2109 2556 2184 quantum

351 2207 525 2272 absit.
613 2208 677 2274 si
721 2208 885 2289 quis,
941 2208 1248 2290 quomodo
1290 2212 1462 2269 recte
1506 2205 1849 2268 faciendum
1892 2210 1991 2288 sit,
2036 2209 2199 2276 bene
2243 2210 2402 2272 seire
2445 2211 2550 2272 vi·-

351 2316 582 2394 deatur,
628 2321 691 2377 et
730 2320 929 2376 tamen
973 2316 1034 2377 in
1078 2333 1149 2376 re
1198 2313 1392 2394 aliqua
1438 2313 1679 2396 agenda
1720 2329 1968 2393 pravam
1997 2309 2363 2378 voluntatem
2396 2332 2552 2397 pro-

347 2420 480 2500 dat,
527 2435 663 2484 eum
705 2420 880 2503 hujus
930 2422 1026 2484 rei
1064 2422 1417 2501 pravitatem
1461 2437 1586 2482 non
1630 2419 2037 2499 intellexisse,
2089 2420 2193 2482 ille
2238 2422 2553 2485 existimat.

344 2525 476 2590 Nec
514 2527 842 2609 putandum
887 2533 1001 2607 est,
1047 2527 1210 2592 solas
1257 2528 1610 2609 cupiditates
1659 2527 1917 2606 aliquem
1947 2527 2025 2588 ad
2054 2525 2214 2589 male
2249 2528 2553 2610 agendum

346 2633 588 2697 trabere
642 2635 880 2699 ratione
934 2651 1006 2696 ac
1056 2635 1308 2698 scientia
1361 2633 1708 2695 resistente.
1806 2633 1978 2696 Licet
2035 2632 2249 2714 aliquis
2305 2634 2369 2695 in
2401 2635 2550 2698 uni-

343 2759 586 2804 versum
630 2746 802 2803 recte
848 2741 1071 2824 agendi
1113 2742 1409 2804 rationem
1451 2739 1613 2801 bene
1654 2744 1882 2818 teneat,
1926 2738 2030 2804 ubi
2060 2737 2359 2804 obediens
2388 2741 2550 2806 malo

345 2848 628 2928 appetitui
683 2846 905 2927 aliquid
955 2845 1092 2907 mali
1140 2846 1267 2909 vult
1322 2853 1383 2909 et
1426 2848 1582 2929 agit,
1641 2863 1765 2908 non
1811 2845 1925 2908 alia
1972 2852 2066 2909 est
2108 2847 2388 2911 voluntas
2440 2846 2556 2912 alin

306 2956 617 3038 scientia,
665 2954 776 3017 sed
822 2955 954 3033 ipsa
998 2952 1250 3014 scientia
1293 2952 1439 3015 boni
1486 2958 1580 3015 est
1621 2953 1693 3013 in
1736 2950 1871 3014 hac
1916 2959 2123 3015 certa
2164 2969 2245 3015 re
2291 2955 2555 3034 appetitu

346 3060 701 3136 obscurata,
748 3064 811 3119 et
848 3059 932 3119 ita
976 3055 1289 3136 voluntas,
1348 3059 1617 3137 quamvis
1659 3060 1946 3121 universe
1987 3055 2150 3121 bona
2194 3060 2290 3139 sit,
2331 3062 2396 3122 in
2437 3060 2556 3124 hac

341 3182 413 3226 re
471 3170 565 3227 est
619 3163 947 3244 depravata
973 3159 1146 3236 ¹⁷²).
1246 3161 1379 3236 Qua
1436 3162 1516 3225 de
1575 3179 1758 3227 causa
1812 3163 1979 3229 Plato
2022 3162 2198 3247 jubet
2249 3183 2552 3248 quemque

483 3408 542 3459 8:
591 3403 726 3458 αὐτὸ
760 3403 1012 3474 βούλησις
1057 3402 1226 3459 αἰτοῦ
1269 3396 1503 3473 aira-9027.
1541 3401 1612 3460 cf.
1645 3405 1824 3460 Ethic.
1871 3407 2080 3460 Nicom.
2115 3409 2203 3463 111.
2239 3409 2275 3461 6
2310 3413 2367 3461 et
2399 3426 2548 3479 supr.

482 3502 596 3550 not.
635 3499 722 3549 ll.
2243 3513 2264 3529 ⁴

343 3588 470 3651 171)
506 3586 591 3641 Cf.
631 3585 985 3653 Schelling
1030 3587 1396 3652 Vorlesungen
1443 3585 1578 3638 iiber
1626 3586 1712 3639 (lie
1755 3587 2011 3640 Methode
2062 3588 2157 3638 des
2194 3590 2348 3643 akad.
2387 3593 2543 3648 Stud.

482 3678 568 3731 ed.
606 3679 701 3732 alt.
732 3695 788 3746 p.
826 3677 894 3730 18
929 3689 1044 3746 sqq.

345 3769 467 3835 172)
501 3768 587 3821 Ne
621 3768 792 3835 igitur
825 3767 1095 3838 appetitus
1129 3765 1327 3821 alicubi
1360 3751 1640 3818 seientiam
1675 3763 1963 3815 obscurare
2005 3765 2240 3832 possint,
2280 3783 2431 3823 mens
2465 3771 2545 3826 ita

483 3865 569 3912 est
613 3859 866 3928 colenda,
912 3864 976 3912 nt
1022 3847 1235 3927 semper
1276 3856 1345 3909 iis
1378 3855 1551 3924 possit
1582 3853 1861 3917 resistere,
1906 3853 2050 3920 quod
2096 3871 2204 3908 non
2251 3859 2424 3912 solnm
2460 3862 2545 3914 di-

482 3952 685 4004 scendo
720 3954 780 4003 et
814 3949 1186 4014 cognoscendo
1228 3948 1319 4014 fit,
1366 3946 1462 3999 secl
1496 3943 1658 3996 ettam
1706 3943 1876 3996 multa
1901 3944 2291 4014 exeqcitatione
2324 3955 2384 4001 et
2414 3966 2546 4005 con-

484 4040 787 4095 suetudine.
858 4042 1040 4096 Quare
1075 4037 1237 4092 etiam
1271 4033 1588 4090 Aristoteles
1620 4035 1771 4087 recte
1804 4033 1936 4090 dicit
1968 4034 2117 4101 (ath.
2149 4037 2272 4093 Nic.
2307 4039 2395 4094 vl.
2430 4043 2543 4109 13),

482 4132 733 4186 virtutem
770 4148 875 4186 non
911 4148 1031 4186 esse
1064 4132 1232 4184 uolam
1268 4122 1551 4201 «petimen,
1591 4126 1690 4180 sed
1725 4141 1835 4179 non
1868 4120 1992 4180 ἄνευ
2030 4122 2344 4198 φρονήσεις.
2414 4132 2543 4185 Sola
