2900 4759
2460 197 2575 265 131

373 373 513 457 gala
560 371 812 433 consilia
856 371 1289 451 complectitur,
1335 378 1539 434 mente
1584 375 1784 436 autem
1828 375 2070 439 nonnisi
2111 389 2247 437 cam
2288 376 2383 452 iis3
2421 383 2579 454 quae

374 476 825 559 complectitur,·
850 482 1054 556 potest
1096 478 1353 555 concipi.
1390 477 1629 557 Unum,
1673 479 1852 559 quod·
1884 478 2026 541 nihil
2059 481 2146 541 in·
2175 498 2244 543 se
2289 481 2582 560 continet)

373 585 517 648 nihil
562 593 687 665 est,
749 583 817 648 et'
862 586 1003 648 idea
1058 583 1353 663 quaedam
1410 585 1559 650 honi
1604 603 1762 665 quae
1807 584 2119 648 intellectu
2170 585 2244 649 ab
2299 587 2580 651 otnnibus

375 691 626 775 singulis
673 691 860 755 rebus
914 692 1092 755 honis
1153 690 1456 755 abstracto
1498 699 1667 756 trans
1706 709 1910 755 rerum
1952 693 2339 755 mutationem
2385 696 2580 773 posita

374 800 644 881 lingitur,
708 804 804 860 est
844 800 1060 860 inanis.
1151 796 1613 870 Quodammodo
1665 800 1913 880 quidem
1965 798 2308 862 universale
2361 799 2580 880 aliquid

375 914 585 969 mente
630 926 668 968 a
722 904 1006 987 singulis,
1062 921 1217 983 quae
1269 903 1352 964 illi
1406 905 1690 983 subsunt,
1745 906 2045 969 abstracta
2100 911 2303 986 potest
2352 908 2582 986 percipi

374 1004 603 1092 (μόγις
648 1006 963 1094 ὁρᾶσθαι
1007 1043 1083 1056 --
1131 1009 1251 1070 vid.
1309 1017 1436 1072 not.
1500 1010 1651 1088 58),
1716 1013 1920 1092 itaque
1975 1011 2321 1075 universale
2373 1012 2580 1075 mundi

378 1115 692 1181 consilium
736 1119 937 1180 ‘animo
984 1114 1438 1195 comprehendi,
1484 1116 1595 1179 sed
1638 1122 1878 1197 penitus
1922 1118 2170 1200 intellig-i
2205 1125 2267 1180 et
2300 1125 2582 1181 accurate

379 1226 632 1307 cogitari
675 1226 902 1305 nequit,
948 1223 1065 1286 nisi
1111 1239 1243 1283 cum
1286 1222 1656 1305 singularum
1699 1239 1901 1285 rerum
1943 1224 2229 1287 consiliis.
2274 1224 2402 1287 Nisi
2442 1224 2583 1286 idea

380 1348 453 1394 se
494 1336 698 1392 movet
743 1338 804 1393 et
843 1331 961 1391 vim
1008 1345 1175 1391 suam
1221 1330 1447 1390 exserit
1490 1330 1549 1390 in
1594 1329 1813 1406 rehum,
1858 1330 2051 1410 iisque
2093 1332 2427 1394 immanens
2473 1349 2581 1394 eas

378 1439 510 1517 ipsa
550 1435 771 1498 format
813 1442 878 1497 et
915 1436 1117 1516 regit,
1157 1435 1240 1496 ita
1283 1441 1347 1497 ut
1389 1435 1547 1497 inter
1589 1436 2047 1518 generationem
2092 1441 2153 1498 et
2195 1440 2581 1500 mutationem

352 1529 826 1622 'quodammodo
882 1540 1061 1602 finem
1107 1540 1231 1620 jam
1288 1542 1350 1602 in
1405 1560 1476 1603 se
1529 1542 1823 1619 habeant,
1878 1542 2035 1603 nulla
2095 1549 2187 1606 est
2239 1543 2582 1607 c'ommunIo·

374 1649 555 1713 ideae
608 1667 742 1710 cum
793 1647 1013 1723 rebus,
1068 1644 1186 1708 hae
1243 1649 1422 1729 igitur
1466 1667 1583 1712 nec
1635 1665 1747 1728 per
1800 1663 1932 1708 eam
1986 1655 2126 1711 sunt
2166 1666 2285 1710 nec
2329 1668 2460 1712 cum
2507 1651 2581 1711 ea'

376 1760 848 1838 cognoscantur.
932 1754 1080 1817 Sine
1122 1731 1570 1815 universalibus
1607 1752 1953 1816 notionibus
1996 1753 2178 1816 nulla.
2204 1754 2444 1833 quidem
2487 1762 2581 1817 est

376 1863 651 1939 scientia,
694 1859 809 1923 sed
857 1862 908 1922 si
950 1877 984 1920 a
1027 1861 1214 1922 rebus
1260 1865 1615 1937 separantur
1657 1865 1720 1920 et
1755 1865 1926 1922 extra
1962 1876 2069 1923 eas
2109 1866 2431 1939 ponuntur,
2477 1879 2578 1923 rcs

378 1969 514 2029 sine
554 1967 629 2027 iis
674 1967 934 2028 existunt
975 1965 1241 2046 ideoque
1285 1966 1418 2026 sine
1459 1965 1677 2026 iisdem
1719 1970 1862 2025 sunt
1903 1967 2378 2046 cognoscendae
2412 1970 2579 2041 ¹⁷⁸).

380 2073 565 2135 {deae
609 2077 748 2132 sunt
785 2070 1162 2135 universales
1198 2070 1482 2134 notiones
1525 2063 1646 2144 (τὰ
1675 2061 2046 2148 καθόλου),
2087 2072 2300 2150 quibus
2333 2090 2578 2135 omnem

380 2177 691 2242 scientiam
753 2178 886 2255 niti,
924 2177 1116 2248 ⁴Plato
1181 2176 1520 2239 rectissime
1575 2175 1808 2237 docuit.
1903 2176 2080 2250 Quod
2137 2193 2286 2241 vero
2354 2197 2459 2241 eas
2513 2179 2577 2240 iu

266 2297 271 2302 ·
376 2285 523 2365 ipsis
567 2281 750 2344 rebus
792 2283 1191 2346 immanentes
1233 2281 1466 2362 hasque
1506 2287 1889 2362 permeantes
1926 2302 1997 2345 ac
2032 2285 2416 2347 continentes
2451 2302 2577 2348 ¹non
2613 2359 2620 2366 ,

378 2388 675 2467 ostendit,
730 2388 1075 2454 Platonicae
1118 2387 1533 2476 philosophiae
1576 2389 1779 2449 vitium
1823 2396 1945 2452 est:
2001 2391 2163 2478 quod
2217 2392 2474 2453 maxime
2516 2392 2577 2454 in

378 2497 474 2575 iis,
521 2513 673 2574 quae
720 2494 798 2556 de
839 2494 981 2556 idea
1019 2495 1167 2557 honi
1210 2513 1245 2556 a
1289 2494 1540 2556 Platone
1586 2494 1748 2556 dicta
1787 2500 1945 2572 sunt,
1993 2499 2374 2578 conspicitur.
2442 2499 2575 2560 De-

376 2602 590 2667 scn'bit
625 2601 785 2662 enim
831 2619 966 2661 eam
1010 2602 1120 2680 ita,
1176 2603 1350 2682 quasi
1392 2620 1505 2682 per
1547 2619 1617 2664 se
1659 2601 1791 2665 sola
1834 2605 2129 2684 cognosci
2169 2613 2409 2684 posset,
2451 2625 2575 2668 ne—

379 2709 714 2793 glectisque
757 2707 1032 2769 omnibus
1087 2707 1267 2772 honis
1309 2708 1495 2770 rebus
1539 2711 1756 2770 mentis
1797 2707 1958 2770 oculi
2003 2728 2136 2770 eam
2180 2719 2433 2791 possent
2473 2714 2576 2774 in-

377 2818 533 2878 tueri
573 2821 871 2892 tamquam
894 2814 1131 2875 -elatam
1177 2834 1356 2895 supra
1411 2833 1651 2876 omnem
1704 2815 1877 2895 hujus
1921 2816 2125 2878 mundi
2169 2820 2575 2880 mutationem.

378 2920 525 2984 Sine
571 2919 791 2980 ceteris
834 2919 989 2981 ideis
1025 2919 1288 2998 quidem,
1335 2922 1392 2980 ei
1431 2919 1740 2997 subjectiS,
1785 2922 2044 2983 eandem
2087 2923 2580 3004 cognoscendam

382 3032 447 3087 et
481 3008 871 3105 ⁴cogitandam
917 3039 1090 3100 ωδε,
1135 3025 1195 3083 in
1243 3024 1499 3108 dialogis
1543 3042 1665 3084 non
1711 3024 1926 3102 docet,
1971 3027 2149 3089 immo
2194 3030 2255 3089 in
2297 3028 2389 3089 his
2434 3030 2578 3109 ipsis

384 3147 531 3191 eam·
572 3134 868 3207 tamquam
929 3129 1225 3192 rationem
1250 3195 1258 3204 ,
1281 3134 1342 3190 et
1399 3129 1765 3192 voluntatem
1820 3130 2076 3192 divinam
2141 3133 2267 3194 vult
2320 3151 2461 3197 esse
2517 3141 2578 3197 et

383 3235 616 3316 vigere.
706 3232 829 3296 Sed
875 3234 1187 3296 consilium
1231 3235 1434 3296 mundi
1490 3236 1663 3315 eique
1708 3237 2074 3315 propositum
2120 3237 2300 3300 finem
2339 3240 2400 3300 in
2446 3241 2577 3322 ejtis

384 3340 714 3403 mutatione
768 3339 1215 3418 quodammodo
1246 3341 1370 3423 jam
1415 3343 1654 3420 inesse,
1711 3350 1770 3404 et
1814 3360 1884 3406 se
1928 3343 2117 3424 ipsum
2176 3363 2416 3428 semper
2460 3366 2576 3409 ex·-

386 3449 594 3527 sequi,
648 3447 942 3509 rationem
997 3448 1178 3529 igitur
1220 3448 1513 3527 divinam,
1555 3451 1617 3511 in
1662 3451 1886 3515 mundo
1930 3453 2191 3533 quodam
2233 3454 2415 3517 ideali
2459 3454 2578 3518 oh·-

390 3640 512 3705 173)
546 3639 697 3690 Haec
733 3639 790 3686 et
822 3639 990 3689 multa
1023 3636 1132 3689 alia
1164 3635 1481 3691 Aristoteles
1515 3646 1674 3692 acute
1712 3646 1767 3693 et
1802 3658 1953 3706 vere,
1988 3648 2052 3692 ut
2083 3643 2290 3710 opinor,
2326 3645 2579 3699 adversus

527 3726 768 3781 Platonis
801 3726 950 3779 ideas
988 3726 1484 3795 disputavit‚'quae
1520 3730 1698 3782 omnia
1733 3731 1984 3799 persequi
2018 3733 2237 3785 difficile
2273 3739 2329 3785 et
2359 3737 2578 3801 longum

534 3824 636 3872 est.
704 3819 874 3870 Unum
926 3819 1106 3869 locum
1149 3819 1436 3886 ascribam,
1488 3821 1580 3888 qui
1601 3836 1799 3873 eorum
1834 3838 2091 3875 summam
2128 3825 2281 3892 quasi
2326 3825 2581 3882 continet.

528 3909 765 3977 Metaph.
804 3912 889 3972 M,
922 3910 959 3961 9
990 3909 1093 3961 fin:
1145 3902 1307 3962 ἄνευ
1351 3912 1472 3977 μὲν
1514 3904 1641 3962 niu
1691 3910 2006 3966 καθόλου
2037 3912 2168 3967 ὀὐκ
2217 3918 2400 3968 ἔστιν
2433 3919 2586 3969 ἑπι-

535 3994 799 4066 στήμην
850 4002 1096 4069 λαβεῖν·
1140 3996 1209 4052 τὸ
1254 4001 1310 4053 δὲ
1354 4000 1673 4072 χωρίζειν
1719 4007 1891 4058 αἴτιον
1924 4010 2030 4059 ταῖν
2060 4002 2457 4076 συμβαινόντων
2491 4007 2586 4061 δυ-

544 4094 735 4161 σχερῶν
769 4093 889 4163 περὶ
921 4090 1014 4153 τὰς
1040 4092 1182 4152 ἰδέαις
1217 4089 1371 4146 lotia,
1959 4137 1966 4146 k

2062 4186 2101 4246 9
2124 4188 2164 4227 tt*
