2900 4759
472 0 516 66 ὀ

380 188 503 255 '114

380 364 520 427 dum
562 368 783 427 teneus
831 379 966 426 oum
1006 367 1134 452 toto
1180 371 1252 425 se
1292 361 1486 441 ipsam
1530 368 1825 423 servaret.
1884 362 2075 436 Quum
2118 361 2299 445 igitur
2341 361 2583 442 antiqua

362 470 481 536 ⁴illa
528 469 736 534 Delion
794 470 1105 549 inscriptio
1172 467 1990 544 (vtd.1ntrod.not;15)
2060 466 2217 531 aliud
2282 473 2580 548 tamquam

372 555 833 659 pulcher-fiuntur
876 582 938 638 et
989 577 1244 637 maxime
1296 573 1630 653 laudabile,
1688 564 1872 637 aliud
1899 576 2158 637 maxime
2212 572 2472 654 optabile
2518 580 2580 636 et

379 685 694 764 optimum,
751 680 911 743 aliud
944 681 1443 763 jucundissimum
1488 678 1878 760 praedicavit,
1924 682 2090 743 Plato
2139 680 2374 759 docuit,
2417 682 2575 743 bea—-

371 789 689 852 titudinem
730 788 807 850 in»
836 789 1101 850 omnium
1154 787 1449 850 humanae
1504 791 1755 848 naturae
1807 787 2017 848 virium
2076 793 2212 866 apta
2256 793 2318 850 et
2358 787 2579 849 *conei-

298 954 302 962 .
368 893 565 959 -n'ente
607 891 986 974 perfectione
1031 896 1202 957 sitam
1246 891 1419 956 simul
1475 909 1615 955 esse
1651 894 2150 974 jucundissimum
2194 899 2256 955 et
2299 894 2581 974 optimum

368 999 993 1082 -etpuloherrimums‘
1045 998 1256 1080 Neque
1308 997 1497 1077 illam,
1558 1017 1733 1078 quam
1781 999 2321 1079 antiquissimorum
2381 996 2608 1060 Grae-t

380 1125 589 1173 eorum
634 1106 713 1169 de
756 1123 989 1169 summo
1033 1105 1200 1167 hono
1244 1103 1435 1167 fuisse
1479 1105 1735 1167 diximus
1783 1106 2128 1184 opinionem
2168 1105 2415 1187 rejecit,
2471 1105 2582 1168 sed

372 1218 459 1279 ita
503 1211 765 1277 excoluit
809 1217 871 1273 et
912 1210 987 1273 ad
1034 1211 1305 1288 altiorem
1346 1211 1467 1273 vim
1512 1213 1749 1290 evexit,
1792 1218 1857 1274 ut
1899 1212 2158 1275 Jonieae
2198 1212 2396 1295 gentis
2439 1211 2576 1273 ala·-

299 1301 303 1308 ’
367 1323 649 1384 critatem
696 1317 881 1397 saepe
939 1317 1013 1378 ad
1058 1316 1361 1379 levitatem
1405 1318 1767 1397 nimiumque
1818 1317 2136 1397 voluptatis
2180 1316 2435 1379 studium
2476 1317 2577 1378 in·-

378 1427 705 1489 *cunamen
743 1422 966 1486 Dorica
1009 1421 1302 1504 gratitate
1346 1429 1741 1501 temperaret,
1796 1442 1915 1486 nec
1959 1424 2115 1487 vitae
2149 1421 2582 1504 jucunditatem

378 1532 852 1608 hilaritatemque
908 1527 1152 1589 omnino
1216 1545 1582 1607 aspernans,
1644 1529 1939 1609 pulchri
1990 1546 2257 1592 amorem
2321 1528 2582 1591 omnium

384 1636 755 1702 Graecorum
798 1633 1008 1695 animis
1051 1650 1198 1712 prae
1242 1635 1464 1696 ceteris
1509 1635 1789 1715 gentibus
1832 1635 2154 1715 praecipue
2195 1636 2433 1706 insitum
2462 1636 2582 1696 im·-

383 1740 873 1819 mortalitatisque
938 1737 1197 1801 studium
1271 1737 1347 1801 ad
1417 1756 1523 1816 ea,
1591 1755 1748 1820 quae
1828 1759 1975 1803 vere
2038 1740 2285 1820 pulchra
2349 1747 2578 1818 essent,

382 1844 748 1929 aspeotanda
789 1861 1116 1923 veramque
1158 1842 1657 1908 immortalitatem
1702 1837 2098 1927 appetendam
2140 1844 2509 1907 transferret.

398 2024 403 2028 ,
549 1953 776 2029 Quibus
837 1950 1125 2030 expositis
1172 1949 1251 2012 ad
1291 1949 1630 2013 umbilicum
1674 1950 1799 2031 jam
1859 1952 2381 2030 pervenissemus,
2421 1954 2575 2044 nisi,
2670 1967 2676 1980 ‘

379 2067 444 2123 ut
487 2066 548 2122 et
589 2057 898 2140 promissis
956 2060 1250 2119 staremus
1296 2062 1357 2117 et
1399 2056 1581 2135 pleno
1633 2054 1969 2136 illustrandi
2024 2057 2222 2121 officio
2280 2057 2578 2141 fungere-
2689 2091 2698 2097 ·

381 2179 561 2245 murs*
582 2164 661 2227 de
680 2164 1022 2226 ¹universae
1063 2161 1329 2224 Platonis
1348 2221 1355 2228 ἴ
1375 2181 1411 2224 a
1454 2162 1632 2224 nobis
1679 2162 2010 2241 explicatae
2055 2162 2365 2228 doctrinae
2407 2167 2581 2226 veri-

382 2279 505 2335 tate
550 2278 610 2333 et
654 2270 989 2333 constantia
1033 2267 1391 2330 sententiam
1433 2270 1823 2346 pronuntiare
1869 2285 1985 2331 nos
2027 2276 2353 2349 oporteret.

1258 2409 1263 2414 ἡ
1341 2459 1482 2539 Cap.
1529 2458 1625 2520 Vl.

558 2589 810 2672 Difficile
856 2594 949 2650 est
994 2584 1216 2668 antiqui
1249 2581 1497 2667 alicujus
1528 2583 1863 2666 philosophi
1908 2589 2261 2657 sententiam
2305 2588 2384 2649 ita
2426 2605 2581 2668 ape-

387 2697 508 2761 rire
554 2701 615 2759 et
655 2692 1064 2774 interpretari,
1108 2696 1207 2768 ut,
1252 2689 1391 2770 quid
1438 2690 1666 2755 docere
1710 2694 2031 2776 verbisque
2077 2696 2201 2758 suis
2245 2694 2582 2773 exprimere

380 2804 663 2881 voluerit,
709 2797 870 2863 elare
914 2797 1305 2877 intelligatur:
1345 2797 1688 2878 interpretis
1734 2806 1930 2862 autem
1970 2819 2222 2865 munere
2267 2800 2581 2880 difficilius,
2657 2779 2662 2782 ’

389 2928 544 2993 quae
585 2926 733 2970 vere
778 2912 840 2969 et
884 2923 1040 2986 quae
1081 2902 1239 2965 falso
1285 2902 1590 2983 docuerit,
1636 2903 1986 2969 discernere
2031 2911 2228 2988 atque
2251 2924 2580 2987 exponere.

389 3018 577 3093 Quam
623 3014 701 3078 ob
748 3030 989 3075 causam
1031 3011 1303 3091 permulti
1345 3020 1487 3094 post
1528 3010 1721 3073 studia
1768 3013 2127 3092 antiquitatis
2170 3013 2583 3096 redintegrata

378 3121 657 3206 fuerunt,
704 3120 804 3199 qui
848 3135 1025 3202 quum
1070 3116 1316 3180 aliorum
1358 3115 1848 3200 philosophorum
1890 3125 2011 3180 tum
2056 3118 2316 3182 Platonis
2363 3111 2583 3198 scripta

391 3228 743 3293 studuerunt
783 3224 1181 3305 interpretari,
1222 3226 1429 3306 pauci,
1487 3226 1587 3307 qui
1632 3227 1761 3308 ejus
1809 3224 2022 3305 placita
2067 3226 2323 3289 examini
2367 3224 2583 3306 subje-

392 3340 622 3410 cerunt,
667 3337 748 3407 et,
793 3336 985 3392 utrum
1027 3329 1199 3398 haee,
1223 3330 1320 3393 vel
1350 3331 1448 3393 illa
1475 3338 1644 3396 recte
1675 3335 1946 3394 statuerit
1984 3349 2204 3409 necne,
2254 3330 2584 3413 dijudicare

388 3439 590 3545 eonati
632 3440 950 3512 sunt.¹⁸²)
1018 3436 1146 3499 Nec
1190 3454 1335 3499 vero
1382 3436 1510 3497 fieri
1553 3438 1762 3515 potuit,
1812 3455 1930 3500 nec
1965 3440 2111 3519 jam,
2156 3439 2390 3517 opinor,
2436 3442 2581 3516 pot-

390 3649 512 3716 152)
546 3647 683 3699 Mira
710 3651 792 3699 est
815 3647 1098 3699 multorum
1123 3646 1470 3713 interpretum
1489 3645 1867 3714 inconstantia,
1896 3649 2007 3717 qui,
2032 3648 2263 3713 tametsi,
2286 3656 2348 3703 ut
2370 3652 2582 3704 Stall-

527 3737 833 3790 baumius
868 3738 924 3789 in
957 3738 1208 3801 Prolegg.
1246 3737 1312 3788 ad
1353 3738 1563 3809 Platon.
1607 3740 1852 3791 Parmen.
1901 3757 1956 3807 p.
1994 3739 2127 3805 125,
2163 3756 2222 3791 se
2257 3741 2431 3793 nullas
2473 3741 2584 3794 nisi

524 3828 830 3894 interpretis
864 3832 1044 3895 partes
1077 3839 1239 3891 agere
1263 3832 1318 3878 et
1341 3829 1549 3895 aperire
1582 3835 1788 3882 tantum
1813 3828 2086 3896 scriptoria
2111 3836 2362 3898 mentem,
2397 3837 2581 3885 utrum

523 3924 701 3973 autem
736 3922 882 3968 recte
915 3915 1143 3966 senserit
1176 3931 1362 3983 necne,
1399 3915 1517 3972 aliis
1553 3912 1960 3972 examinandum
1985 3919 2290 3987 relinquere
2320 3899 2582 3990 profiteri:-

525 4015 638 4069 tur‚
686 4008 796 4071 vel,
845 4005 1009 4059 sicutt
1044 4007 1178 4058 Heu
1195 3996 1390 4060 sdi‘us
1421 4007 1478 4060 in
1511 4009 1629 4062 lnit.
1657 4005 1868 4063 Philus.
1903 4009 2115 4062 Platon.
2153 4025 2204 4077 p.
2248 4013 2371 4077 501,
2408 4013 2581 4065 inter-

525 4096 770 4167 pretandi
802 4112 860 4147 se
893 4095 1132 4149 Platonis
1168 4111 1275 4149 non
1308 4098 1646 4150 laudandi
1669 4102 1774 4151 aut
1796 4093 2141 4174 *defendendi
2175 4105 2355 4167 partes
2388 4117 2579 4155 susee-
