2900 4759
338 192 501 260 130'

331 367 633 438 hominem
677 369 951 436 omnibus
998 366 1219 434 viribus
1260 385 1341 443 eo
1388 368 1647 432 maxime
1691 366 1860 444 eniti,
1899 371 1965 427 ut
2003 383 2179 446 quam
2207 363 2536 446 perfectis-

274 458 280 468 ’
334 476 542 548 simam
586 474 735 540 boni
776 474 1228 556 intelligentiam
1270 472 1668 553 adipiscatur,
1723 473 1941 553 quippe
1981 489 2162 552 quam
2202 479 2373 538 recta
2415 491 2536 537 vo-

334 580 530 650 luntas
573 588 635 646 et
666 583 829 664 justa
873 580 1039 646 facta,
1072 586 1293 660 sponte
1339 581 1459 643 sint
1500 584 1800 643 secutura.
1886 579 2092 660 Itaque
2144 598 2281 642 eum
2339 580 2538 644 omnia

335 687 593 751 humana
646 706 724 752 ex
776 689 1127 770 cognitione
1183 687 1368 766 ipsius
1410 685 1557 764 boni
1601 691 1663 750 et
1702 685 1914 748 intuitu
1952 685 2133 750 ideae
2186 684 2335 749 boni
2376 704 2535 767 pen-2

339 793 540 858 dantia
564 792 831 871 ¹fecisse,
874 794 1150 869 viamus,
1197 800 1260 860 et
1298 792 1539 872 qualem
1580 788 1839 853 voluerit
1883 807 2026 854 esse
2064 789 2223 851 hanc
2262 790 2408 854 boni
2433 792 2536 852 in-

335 899 744 982 telligentiam,
791 901 1198 978 exposuimus,
1246 900 1300 962 si
1343 898 1585 978 quidem
1628 903 1798 960 recte
1831 896 2257 977 disputavimus
2292 898 2371 960 de
2399 897 2537 962 idea

254 1035 258 1038 ”
336 1006 501 1088 honi.
591 1006 792 1081 Quae,
839 1024 1017 1085 quum
1063 1008 1232 1086 quasi
1277 1012 1549 1068 centrum
1593 1003 1670 1068 sit
1710 1003 1890 1065 totius
1947 1005 2288 1084 systematis
2330 1004 2540 1068 Plato-

337 1112 476 1190 uici,
520 1110 621 1176 hic
663 1112 840 1176 nobis
885 1119 979 1174 est
1023 1111 1227 1176 critice
1273 1109 1739 1176 consideranda.

504 1219 755 1282 Ubinam
801 1219 1066 1281 cernitur
1118 1235 1318 1280 rerum
1375 1218 1637 1278 omnium
1680 1214 1813 1277 finis
1861 1221 1924 1277 et
1974 1197 2317 1295 consilium,
2373 1216 2538 1295 quod

339 1331 433 1388 est
472 1325 662 1405 ipsum
710 1325 985 1392 bonnm?
1020 1313 1333 1403 'Nusquam
1380 1323 1497 1386 nisi
1538 1324 1602 1384 in
1645 1322 1790 1402 ipsis
1831 1321 2034 1384 rebus.
2082 1322 2274 1395 Quum
2315 1323 2538 1404 cogni-

338 1437 460 1494 tum
500 1438 626 1509 est,
682 1449 790 1494 eur
845 1438 907 1492 et
955 1413 1133 1509 quem
1189 1428 1266 1491 ad
1309 1428 1490 1494 finem
1545 1429 1805 1492 existant
1848 1435 1909 1491 et
1952 1429 2255 1492 extiterint
2306 1427 2542 1510 singula

337 1543 734 1616 quaecunque
777 1543 837 1600 et
881 1537 943 1600 in
986 1554 1186 1600 rerum
1239 1542 1449 1600 natura
1505 1542 1567 1596 et
1607 1536 1668 1596 in
1713 1509 1966 1616 ingenii
1983 1534 2240 1598 humani
2280 1535 2542 1600 actioni-

338 1642 451 1706 bus
497 1643 849 1724 cogitationi
890 1627 1138 1704 nostrae
1184 1641 1442 1722 oblecta,
1488 1647 1612 1704 tum
1657 1642 1896 1706 demum
1922 1643 2000 1704 ad
2032 1643 2363 1708 absolutam
2393 1645 2542 1710 boni

339 1740 747 1831 cognitionem
794 1753 891 1814 est
930 1754 1307 1828 perventum,
1352 1754 1475 1812 tum
1521 1747 1760 1812 demum
1801 1749 2168 1814 intellectum
2215 1768 2404 1828 „was
2441 1752 2544 1816 o'ie

337 1854 498 1918 Welt
540 1854 619 1916 im
661 1854 981 1918 Innerston
1022 1852 1576 1922 zusammenhalt'’
1664 1853 1865 1934 Atque
1920 1853 2039 1917 hoc
2093 1856 2333 1936 quidem
2375 1859 2544 1928 omni.

337 1960 751 2041 philosophiae
792 1967 1091 2040 tamquam
1132 1960 1397 2024 ultimum
1442 1977 1585 2024 esse
1621 1962 2012 2040 propositum,
2059 1963 2224 2030 Plato
2250 1963 2544 2028 intellexit

339 2059 665 2146 et'primus
711 2066 872 2128 clare
918 2072 1013 2128 est
1056 2063 1351 2130 elocutus.
1440 2066 1562 2130 Sed
1615 2067 1812 2147 ipsum
1854 2068 1914 2131 id
1950 2069 2076 2149 jam
2119 2072 2437 2156 peregisse
2480 2076 2542 2134 et

338 2171 773 2254 philosophiam
828 2170 1196 2249 absolvisse,
1252 2190 1434 2236 nemo
1491 2172 1840 2236 contendet.
1924 2174 2055 2237 Nec
2095 2177 2277 2259 igitur
2315 2183 2539 2240 tantum

342 2277 590 2341 noluit
630 2278 816 2356 ipsius
860 2277 1038 2346 ideae
1079 2276 1223 2341 boni
1266 2279 1580 2352 scientiam
1627 2277 1876 2356 docere,
1913 2286 1984 2341 ut
2026 2281 2265 2361 quidam
2309 2283 2540 2361 opinari

342 2383 655 2460 videntur,
709 2383 822 2446 sed
871 2400 995 2448 non
1037 2385 1310 2464 potuit.
1401 2384 1635 2448 studuit
1673 2384 1918 2463 quidem
1960 2387 2026 2448 in
2068 2387 2332 2467 Timaeo,
2376 2406 2539 2469 quo-

343 2490 527 2556 modo
572 2489 713 2560 idea
765 2488 910 2554 honi
954 2491 1015 2556 in
1056 2508 1258 2554 rerum
1312 2496 1525 2556 natura
1581 2490 1657 2554 sit
1703 2509 2027 2571 expressa,
2089 2494 2422 2574 explicare,
2479 2502 2544 2558 et

343 2596 711 2678 singularum
750 2612 953 2660 rerum
994 2595 1147 2659 fines
1192 2615 1265 2657 ac
1308 2595 1560 2662 consilia
1604 2595 1958 2676 ostendere,
2001 2600 2115 2663 sed
2150 2607 2215 2664 ut
2252 2601 2540 2682 physicae

341 2700 754 2783 philosophiae
799 2699 1099 2783 fastigium
1146 2702 1439 2783 attigerit,
1483 2701 1728 2766 multum
1771 2701 1964 2768 abest.
2049 2705 2196 2770 Item
2239 2708 2299 2772 in
2345 2707 2540 2770 ethica

345 2806 654 2888 disciplina
694 2805 877 2870 multa
934 2806 1172 2885 quidem
1216 2805 1530 2886 praeclara
1574 2806 1788 2872 effatus
1833 2816 1963 2888 est,
2010 2811 2126 2876 sed
2167 2827 2377 2876 omnes
2418 2831 2542 2902 va-

341 2914 463 2982 rias
528 2913 824 2978 humanae
893 2911 1220 2974 voluntatis
1279 2912 1553 2976 rationes
1624 2932 1958 2997 omnesque
2032 2920 2256 3001 agendi
2314 2917 2540 2984 formas

342 3021 608 3094 nondum
673 3019 983 3100 perspexit
1042 3025 1103 3081 et
1157 3007 1479 3098 exposuit(
1554 3020 1668 3093 Qui
1729 3022 1909 3105 igitur
1969 3024 2100 3090 ille·
2135 3026 2253 3090 dici
2315 3031 2538 3106 potest,

339 3127 538 3192 ideam
608 3127 754 3190 boni
816 3123 1087 3204 perfecte
1152 3125 1458 3206 cognitam
1521 3123 1856 3191 habuisse?
1928 3131 2078 3196 Nam
2151 3133 2542 3215 cognoscitur

341 3235 531 3313 ipsum
589 3233 812 3295 bonum
860 3236 922 3292 et
963 3248 1161 3292 rerum
1207 3229 1340 3292 finis
1383 3247 1509 3291 non
1570 3230 1741 3294 aliter
1795 3241 1973 3314 atque
2015 3236 2107 3300 his
2159 3239 2303 3317 ipsis
2354 3238 2540 3304 rebus

342 3338 783 3421 pervestigatis.
872 3337 982 3398 Est
1027 3336 1185 3398 enim
1228 3334 1389 3397 idem
1432 3353 1662 3399 summa
1703 3341 1920 3420 unitas,
1967 3360 2123 3422 quae
2164 3346 2362 3407 omnia
2406 3347 2541 3407 sin-

428 3575 441 3586 2
484 3547 769 3614 prudentia
810 3562 973 3607 saue,
1020 3562 1159 3614 quae
1207 3551 1377 3600 totum
1422 3547 1692 3604 hominem
1725 3567 1835 3605 non
1869 3553 2025 3621 quasi
2071 3540 2320 3622 penetra
2351 3555 2539 3608 necin

485 3651 692 3689 omnem
740 3636 1126 3706 appetitionem
1174 3634 1376 3702 ubique
1413 3636 1734 3707 dominatur,
1770 3642 2112 3710 adhortante,
2129 3645 2398 3710 agendum
2433 3661 2538 3698 non

483 3726 702 3781 sufficit.
753 3730 834 3782 Ea
858 3731 1038 3782 autem
1072 3724 1302 3790 scientia
1339 3726 1486 3794 honi,
1520 3744 1659 3796 quae
1693 3731 1959 3788 hominem
1983 3733 2054 3788 -in
2088 3750 2301 3805 quaque
2326 3735 2540 3792 actione

483 3815 625 3882 regit
657 3833 757 3869 nec
797 3832 1039 3884 unquam,
1067 3816 1297 3882 deserit,-
1322 3823 1406 3870 est
1436 3818 1557 3886 ipsa
1591 3821 1733 3874 bona
1772 3825 2015 3876 voluntas
2052 3829 2109 3876 et
2141 3825 2326 3880 virtus.
2397 3827 2537 3879 Num

479 3906 599 3975 quis
659 3909 819 3958 talem
868 3906 1148 3968 scientiam
1199 3906 1451 3962 discendo
1505 3913 1580 3982 et?
1609 3911 1997 3968 exercitatione
2048 3919 2105 3965 et
2153 3915 2541 3972 consuetudine

479 3997 693 4066 assequi
728 3995 917 4063 possit,
951 3996 1058 4050 alia
1095 4001 1179 4056 eut
1212 3997 1482 4065 quaestio.
1528 3998 1786 4068 Quisquis
1812 4005 1994 4062 autom
2029 4017 2147 4055 eam
2183 4005 2364 4072 habet,
2397 4005 2541 4057 idem

480 4087 641 4140 simui
672 4091 755 4142 est
773 4088 979 4144 §bonus-
