2900 4759
268 158 431 269 'zo

346 373 465 441 sint
506 380 645 442 illae
688 377 763 442 ab
809 399 885 443 ea
926 387 1221 448 tractatae
1261 399 1367 445 res
1409 381 1837 461 immutabiles,
1893 385 2348 463 sempiternae,
2388 397 2560 446 nun-·

345 501 523 566 quam
564 501 767 568 neque
812 494 983 551 ortae
1023 503 1229 570 neque
1271 490 1643 567 interitu-ae,
1690 486 2076 573 significatur.
2142 490 2311 563 Quae
2339 489 2555 571 signi:-

343 592 540 660 ficatin
582 596 645 656 in
689 593 936 666 Philebo
996 596 1238 676 quidem
1291 611 1417 659 non
1460 594 1833 676 plenioribus
1877 595 2084 657 verbis
2123 594 2287 672 faeta
2339 601 2466 673 est,
2521 612 2559 657 a

344 701 586 763 nemine
628 707 823 763 autem
866 701 1345 781 desiderabitur,
1392 702 1529 791 qui,
1574 701 1881 781 quomedo
1925 702 2006 764 ab
2048 702 2154 766 illo
2195 708 2375 765 antea
2407 703 2558 783 jam,

347 805 615 885 inprimis
656 807 719 868 in
764 807 1124 887 Phaedone,
1180 808 1400 872 ideae
1458 808 1799 887 descriptae
1854 809 2003 886 sint,
2058 808 2394 872 meminerit
2424 809 2554 882 ⁵³).

347 911 517 985 Quae
560 920 697 977 sunt
751 929 953 977 rerum
998 917 1319 993 notioneS,
1376 931 1532 994 quae
1574 915 1721 994 ipsis
1779 914 1964 977 rebus
2012 916 2249 996 priores
2305 918 2560 978 aeterno
2614 945 2621 949 ·

344 1036 459 1099 per
518 1037 589 1086 se
656 1029 935 1085 constant
990 1030 1052 1086 et
1105 1029 1405 1100 tamquam
1459 1023 1758 1103 imagines
1812 1027 1873 1083 et
1935 1020 2302 1102 exemplaria
2359 1038 2568 1084 rerum

278 1151 280 1153 ’
343 1128 560 1188 mentis
605 1128 793 1192 oculis
845 1135 1190 1192 cernuntur.
1237 1128 1367 1191 Eae
1412 1128 1584 1191 solae
1628 1145 1778 1189 vere
1823 1133 1982 1205 sunt,
2028 1144 2148 1189 nec
2185 1127 2373 1191 modo
2419 1133 2562 1191 ante

343 1233 612 1315 singulas
652 1253 757 1299 res
802 1237 1135 1299 subsistunt
1168 1235 1283 1298 sed
1327 1236 1507 1298 etiam
1552 1239 1695 1296 ante
1725 1240 1993 1296 mentem
2028 1233 2365 1298 humanam.
2422 1234 2564 1297 Non

345 1340 506 1402 enim
552 1349 712 1420 sunt,
758 1344 896 1422 quia
940 1343 1017 1406 ab
1059 1342 1303 1405 homine
1349 1342 1711 1423 cogitantur,
1754 1340 1868 1403 sed
1904 1347 2200 1420 quatenus
2233 1346 2390 1419 sunt,
2438 1358 2555 1402 ea-

348 1451 528 1509 tenus
581 1450 940 1531 cogitantur.
1026 1443 1443 1528 Quaecunque
1486 1465 1637 1510 vero
1681 1425 1890 1509 res'in
1925 1446 2048 1511 hoc
2099 1447 2327 1511 mundo
2367 1463 2562 1528 aspe-

349 1551 549 1615 ctabili
596 1561 956 1633 versantur,
1016 1561 1156 1618 sunt
1211 1556 1486 1634 quidem,
1549 1553 1664 1615 sed
1718 1552 1904 1618 simul.
1946 1553 2392 1633 quodammodo
2437 1571 2570 1617 non

346 1663 508 1737 sunt,
556 1662 773 1741 quippe
820 1679 977 1741 quae
1022 1661 1098 1723 ad
1145 1678 1375 1738 eorum,
1424 1677 1581 1739 quae
1625 1666 1787 1738 sunt,
1831 1658 2276 1722 similitudinem
2306 1658 2564 1723 confor-

349 1771 547 1827 matae
593 1768 733 1846 sint,
776 1763 937 1829 hanc
982 1773 1179 1828 autem
1224 1766 1557 1828 imitatione
1584 1781 1887 1844 nunquam
1901 1762 2190 1846 *perfecte
2223 1782 2566 1845 assequan-

345 1876 462 1935 tur.
510 1908 587 1922 ——-
646 1873 823 1935 Plura
885 1871 964 1933 de
1018 1871 1110 1941 his
1164 1870 1350 1934 rebus
1406 1885 1557 1932 vere
1620 1871 1963 1934 extantibus
2016 1849 2416 1952 omnibusque
2469 1874 2566 1951 iiS,

350 1993 507 2058 quae
552 1979 778 2041 artibus
824 1984 885 2040 et
930 1976 1259 2056 disciplinis
1304 1977 1658 2039 tractandae
1703 1985 1767 2040 et
1809 1977 2290 2061 cognoscendae
2320 1979 2461 2058 sint,
2502 1980 2568 2041 in

345 2083 668 2164 librorum,
728 2101 883 2165 quos
936 2084 1070 2146 sine
1128 2083 1309 2145 dubio
1368 2089 1509 2164 post
1551 2082 1858 2147 Philebum
1906 2085 1985 2148 de
2029 2084 2356 2165 Republica
2395 2085 2568 2149 Plato

348 2193 615 2272 scripsit,
670 2194 879 2272 quinto
924 2197 985 2252 et
1029 2197 1205 2252 sexto
1251 2196 1312 2251 et
1356 2191 1613 2270 septimo
1670 2190 1966 2271 disputata
2006 2192 2304 2274 leguntur.
2395 2191 2588 2268 Quae

328 2298 550 2359 omnia
600 2298 846 2378 quidem
901 2297 978 2359 ad
1030 2313 1109 2359 ¹ea
1164 2295 1297 2357 fere
1353 2295 1647 2375 redeunt,
1705 2314 1863 2376 quae
1916 2297 2191 2361 modo-a
2243 2298 2426 2361 nohis
2469 2297 2568 2365 ,de

351 2402 542 2465 tribus
588 2405 917 2486 generibus
960 2420 1160 2466 rerum
1195 2403 1471 2482 exposita
1515 2409 1673 2480 sunt,
1708 2403 1802 2465 'de
1843 2405 2020 2467 tertio
2067 2410 2267 2467 autem
2307 2419 2568 2487 genere,¹

353 2508 517 2588 quod
561 2516 841 2573 aeternas
882 2528 994 2589 per
1037 2527 1113 2573 se
1154 2514 1508 2572 constantes
1552 2523 1656 2570 res
1700 2509 2133 2590 complectitur,
2178 2529 2340 2575 nova
2383 2518 2444 2575 et
2485 2510 2564 2574 ad

350 2616 691 2678 universam
733 2616 918 2679 libelli
960 2618 1151 2679 nostri
1196 2616 1612 2695 quaestionem
1660 2617 2012 2696 gravissima
2039 2619 2372 2680 continent.
2428 2618 2562 2680 De·-

356 2719 636 2783 scribitur
678 2723 833 2784 enim
877 2723 961 2783 ibi
1004 2722 1086 2800 id,
1136 2723 1299 2800 quod
1329 2722 1644 2784 verissima
1689 2724 1941 2784 scientia
1970 2725 2230 2803 perspici
2260 2725 2562 2786 omnium-

357 2843 476 2907 que
519 2846 718 2891 rerum
774 2827 1229 2910 intelligibilium
1273 2845 1503 2890 summa
1548 2832 1610 2889 et
1652 2830 2166 2907 praestantissima
2225 2828 2566 2909 (μέγιστον

354 2923 703 3016 μάθημα)
762 2952 905 2997 esse
963 2934 1207 3011 dicitur,
1267 2939 1327 2995 et
1371 2932 1548 3012 quale
1594 2923 1767 2996 'Plato
1814 2952 1956 2998 esse
1999 2935 2286 3013 voluerit,
2345 2942 2578 3016 quanta,

355 3056 675 3122 possumus
723 3040 1028 3124 diligentia
1077 3038 1368 3100 debemus
1414 3037 1737 3118 explicare.

526 3148 701 3218 Sunt.
732 3147 972 3227 quidem
1030 3141 1107 3206 de
1161 3142 1468 3210 Platonica
1512 3144 1682 3207 idea
1737 3146 1917 3210 boni
1974 3153 2143 3222 (nam
2193 3147 2270 3210 de
2312 3147 2427 3209 hac
2462 3147 2565 3210 lo-

360 3259 543 3332 quor)
578 3271 757 3333 quum
791 3253 1049 3331 antiquis
1078 3249 1476 3328 temporibus,
1520 3253 1780 3316 maxime
1814 3254 1886 3316 ab
1918 3253 2382 3340 recentioribuS,
2414 3247 2569 3332 quo's

358 3366 619 3436 vocant,
670 3358 1025 3434 PlatoniciS‚
1084 3364 1205 3416 tum
1256 3361 1471 3417 nostra
1517 3361 1882 3450 aetate-tam
1921 3359 2102 3420 multa
2139 3361 2361 3439 scripta
2404 3367 2464 3424 et
2505 3360 2570 3421 in

359 3465 560 3530 varias
603 3468 805 3542 partes
849 3461 1166 3540 disputata,
1207 3467 1273 3521 ut
1315 3459 1650 3523 verendum
1667 3463 1772 3540 sit,
1820 3482 1919 3542 ne,
1966 3466 2017 3526 si
2035 3472 2315 3527 -nostram
2355 3464 2568 3544 dispu-

362 3571 651 3636 tationem
688 3568 985 3647 prioribus
1033 3565 1501 3649 adjunxerimuS,
1546 3565 1711 3648 ligna
1753 3568 1961 3632 tulisse
2004 3572 2064 3631 in
2111 3571 2318 3633 silvam
2351 3570 2569 3633 videa-

366 3694 517 3742 mur.
603 3673 725 3739 Sed
768 3673 821 3736 si
864 3675 922 3734 in
968 3673 1230 3736 Platonis
1278 3673 1354 3735 de
1399 3691 1630 3736 summo
1675 3674 1838 3738 bono
1884 3679 2182 3740 sententia
2223 3676 2574 3740 illustranda

364 3782 853 3866 neglexissemus
897 3779 1095 3842 ideam
1140 3780 1318 3859 boni,
1376 3777 1652 3868 profecto
1711 3777 1886 3862 caput
1929 3783 2099 3864 quasi
2125 3782 2390 3870 ,deesset
2435 3783 2569 3846 dis-

371 3890 716 3954 sertationis
763 3886 1022 3965 corpori.
1112 3886 1242 3959 Qua
1287 3886 1365 3949 de
1410 3903 1594 3949 causa
1648 3894 1852 3951 nostra
1907 3906 2147 3968 quoque
2197 3887 2259 3950 in
2309 3890 2574 3954 medium

371 3994 738 4077 proferenda
784 3999 878 4054 est
922 3990 1000 4053 de
1043 3991 1203 4054 illius
1240 3993 1417 4058 ideae
1463 3993 1520 4053 vi
1565 3998 1625 4054 et
1666 4000 1875 4057 natura
1918 3996 2247 4076 sententia,
2292 4015 2465 4075 quam
2509 4003 2575 4059 et

302 4168 311 4174 ,
372 4104 485 4183 ipsi
539 4122 575 4165 e
629 4097 891 4164 Platonis
958 4081 1162 4159 verbis
1198 4105 1393 4176 atque
1457 4097 1724 4160 universi
1790 4103 2130 4180 systematis
2192 4120 2353 4166 nexu
2409 4100 2577 4165 nulla
