2900 4759
2445 185 2562 252 135

363 365 510 430 salia
566 370 802 441 teneat,
863 379 1063 443 neque
1107 379 1182 426 ea
1205 362 1287 452 ‘in
1331 359 1583 444 singulis
1638 359 2017 428 immanentia
2062 367 2224 422 esse
2260 356 2563 437 ostendat,

365 471 729 538 Aristoteles
795 488 944 533 vero
999 468 1361 532 universalia
1416 468 1658 548 quidem
1712 485 1838 531 non
1896 466 2168 550 negligat
2221 474 2284 530 et
2330 485 2442 547 per
2494 467 2567 529 se

367 596 608 658 quoque
653 576 1032 654 consideret,
1088 575 1264 639 simul
1307 581 1506 639 autem
1549 592 1676 637 non
1722 580 1972 640 censeat
2015 593 2089 638 ea
2133 591 2306 638 esse
2349 589 2569 638 revera

367 705 401 747 a
446 684 696 768 singulis
743 688 1018 763 separata
1050 688 1112 744 et
1139 667 1458 761 abstracta,
1504 681 1615 746 sed
1649 680 1955 761 quomodo
1997 681 2058 743 in
2103 680 2356 764 singulis
2398 682 2571 762 quasi

368 792 596 869 vivant,
641 808 883 869 semper
928 788 1259 852 ostendere
1304 787 1548 862 studeat
1585 794 1654 876 ,et
1694 786 2066 851 multifariam
2112 786 2465 856 ostenderit.

538 897 663 960 Sed
716 915 894 977 quum
947 902 1200 975 uterque
1245 896 1705 973 arbitrarentur,
1764 892 2111 958 universale
2162 893 2330 958 illud·
2367 893 2575 960 mundi

374 1003 685 1068 consilium
728 1022 986 1083 eumque
1033 1021 1322 1068 summum
1367 1003 1579 1082 finem,
1631 1003 1738 1090 qui
1786 1019 1988 1063 rerum
2040 1000 2415 1063 universitati
2438 1002 2572 1062 ‘in-

376 1114 573 1187 esset,
629 1127 664 1172 a
707 1108 870 1171 nullo
917 1107 1033 1172 alio
1087 1127 1274 1190 posse
1317 1115 1521 1174 mente
1564 1109 1822 1188 percipi,
1877 1108 1994 1172 nisi
2038 1126 2073 1170 a
2119 1106 2576 1189 diligentissime

373 1214 812 1296 philosophata,
855 1216 917 1277 in
963 1233 1338 1277 communem
1378 1215 1564 1278 totius
1610 1216 1889 1293 antiquae
1929 1210 2350 1294 philosophiae
2393 1195 2575 1275 erro-

374 1333 505 1389 rem
547 1320 918 1400 incideru‘nt,
965 1339 1144 1401 quem
1184 1339 1306 1384 non
1352 1327 1678 1401 potuerunt
1720 1321 1979 1398 evitare,
2022 1336 2140 1388 nos
2185 1324 2402 1410 autem·
2422 1318 2577 1382 bre·
2675 1363 2687 1374 .

374 1430 526 1491 viter
568 1426 909 1510 significare
955 1428 1321 1490 conabimur.
1805 1445 1810 1450 ·

327 1511 335 1525 ’
546 1535 751 1599 Solum
784 1552 923 1595 eum
963 1551 1104 1597 esse
1136 1532 1471 1613 perfectum
1496 1536 1707 1612 virum,
1743 1534 1918 1597 Plato
1938 1532 2193 1616 judicat,
2237 1533 2339 1613 qui
2369 1533 2582 1596 scien-

377 1645 455 1704 tia
501 1642 714 1706 summi
754 1654 957 1704 rerum
1004 1640 1241 1703 consilii
1293 1621 1650 1718 insti-uetuit,
1710 1639 1998 1720 quidquid
2049 1639 2198 1702 boni
2241 1645 2304 1701 et
2339 1639 2584 1703 honesti

383 1752 439 1810 ei
480 1745 824 1810 faciendum
869 1747 978 1824 sit,
1020 1743 1219 1809 faciat.
1306 1746 1436 1809 Nec
1480 1746 1653 1810 aliter
1687 1747 1882 1810 sensit
1923 1744 2316 1810 Aristoteles:
2363 1752 2425 1808 et
2466 1764 2579 1808 re-

379 1855 640 1917 ctissime
685 1853 948 1934 quidem,
992 1860 1059 1915 ut
1100 1854 1336 1933 opinor.
1425 1854 1550 1918 Sed
1591 1854 1830 1915 unicam
1872 1853 2061 1930 viam,
2106 1870 2263 1932 quae
2306 1853 2383 1916 ad
2424 1853 2583 1916 hanc

384 1960 692 2020 scientiam
737 1959 1010 2036 duceret,
1055 1960 1280 2039 opinati
1322 1965 1480 2036 sunt,
1528 1976 1669 2024 esse
1712 1957 2164 2039 philosophiam.
2218 1958 2410 2024 Nemo
2455 1959 2581 2043 igi-

386 2071 481 2125 tur
524 2063 671 2125 alius
714 2065 785 2127 iis
827 2064 1066 2128 videtur
1110 2081 1253 2130 esse
1294 2063 1838 2145 perfectebonus,
1882 2082 2063 2128 nemo
2108 2063 2379 2146 perfecte
2411 2066 2580 2129 bea-

385 2177 513 2247 tus,
581 2171 699 2232 nisi
759 2171 1132 2253 philosophia
1194 2171 1492 2236 edoctus..
1583 2153 1872 2236 Ceteros*
1900 2170 2177 2235 homines
2243 2173 2585 2252 existimant

386 2277 712 2355 somniare,
760 2295 958 2358 neque
1000 2279 1252 2357 habere,
1298 2297 1417 2358 quo
1445 2278 1706 2359 dirigant
1736 2296 1845 2342 sua
1876 2279 2126 2342 consilia
2171 2284 2261 2354 (v.
2291 2286 2418 2343 not.
2441 2278 2584 2356 81).

381 2378 576 2446 lustus
623 2389 737 2463 est,
785 2385 885 2464 qui
929 2403 1063 2448 cum
1107 2386 1357 2449 scientia
1401 2385 1549 2449 boni
1584 2391 1754 2447 recte
1799 2385 1942 2474 agit.
1998 2369 2165 2468 Ergo
2212 2388 2265 2448 si
2306 2386 2586 2468 philoso-

386 2487 536 2569 phus
579 2489 746 2553 solus
791 2490 909 2553 hac
950 2483 1241 2570 sapientia
1285 2490 1544 2573 gaudet,
1589 2491 1640 2552 is
1684 2508 1839 2554 unus
1884 2497 2086 2571 potest
2129 2508 2271 2556 esse
2312 2490 2586 2573 perfecte

378 2597 594 2676 justuS.
687 2597 981 2660 Concedit
1034 2604 1230 2662 autem
1284 2597 1486 2675 Plato,
1544 2597 1796 2679 singulis
1850 2604 2075 2663 tantum
2132 2601 2288 2664 viam
2341 2601 2419 2664 ad
2459 2619 2586 2668 ,sa-

384 2704 665 2783 pientiam
699 2711 931 2785 patere,
967 2703 1199 2784 plurimi
1232 2710 1297 2768 ut
1327 2702 1846 2790 philosophentur,
1881 2704 2012 2770 fieri
2044 2722 2170 2774 nou
2205 2724 2392 2788 posse
2414 2711 2435 2747 ¹
2455 2713 2586 2783 ⁷⁷).

381 2810 548 2892 Ergo
602 2810 912 2876 multitudo
970 2791 1097 2876 non
1153 2818 1355 2891 potest
1408 2805 1570 2874 hene
1632 2830 1706 2873 ac
1752 2813 1920 2892 juste
1970 2814 2210 2891 vivere,
2270 2831 2390 2878 nec
2443 2833 2589 2882 esse

306 2910 311 2920 “
383 2917 584 2990 beata.
673 2918 865 2980 Porro
911 2918 1208 2999 siquidem
1251 2935 1431 2982 nemo
1480 2924 1619 2980 ante
1663 2924 1917 2980 mortem
1962 2918 2293 2998 perfectam
2336 2922 2588 3001 sapien-

390 3023 534 3086 tiam
591 3022 967 3100 assequitur,
1023 3028 1090 3084 ut
1143 3021 1396 3086 docetur
1436 3024 1510 3092 in
1563 3022 1891 3087 Phaedone
1931 3029 2048 3104 -(p.
2095 3025 2176 3087 66
2221 3027 2270 3088 E
2327 3045 2460 3108 sqq.
2503 3028 2588 3091 68

356 3129 444 3208 μΑ
487 3126 606 3204 Β),
652 3142 733 3186 ne
774 3124 1169 3205 philosophus
1210 3130 1449 3207 quidem
1492 3131 1552 3191 in
1595 3129 1711 3193 hac
1749 3131 1870 3193 vita
1913 3148 2173 3211 unquam
2219 3140 2312 3197 est
2354 3134 2592 3202 heatus.

390 3233 561 3306 Quae
616 3230 930 3295 arbitratus
975 3232 1141 3295 Plato
1195 3233 1625 3299 beatitudinem
1668 3237 1984 3302 humanam
2028 3240 2108 3304 ita
2167 3238 2466 3320 definivit,
2525 3250 2594 3305 ut

388 3339 448 3399 in
492 3337 826 3417 hominem,
874 3340 1154 3419 quamdiu
1198 3344 1389 3422 vivat,
1453 3345 1675 3408 cadere
1731 3362 1855 3408 non
1903 3346 2112 3424 possit.
2201 3347 2384 3411 Sitam
2428 3349 2589 3411 enim

388 3462 519 3507 eam
568 3461 709 3508 esse
754 3453 967 3510 censet
1010 3448 1072 3510 in
1114 3456 1269 3514 statu
1313 3451 1574 3531 quodam
1616 3448 1924 3530 perfecto,
1972 3469 2148 3532 quem
2193 3470 2306 3517 nos
2347 3471 2603 3536 semper„

390 3551 633 3630 quidem
688 3560 1068 3646 appetamus,
1134 3557 1196 3618 in
1248 3555 1362 3619 hac
1422 3558 1543 3619 vita
1599 3564 1796 3620 autem
1851 3559 2117 3621 nondum
2173 3575 2586 3641 assequamur,

390 3818 510 3883 177)
544 3820 627 3870 De
673 3820 810 3886 Rep.
850 3818 937 3870 Vl.
976 3833 1027 3883 p.
1067 3820 1170 3872 494
1203 3820 1277 3876 A:
1328 3816 1626 3890 φιλόσοφον
1661 3850 1726 3858 —-
1766 3850 1835 3862 --
1870 3824 2079 3888 πλῆθος
2123 3816 2385 3880 &donator
2433 3827 2584 3882 εἶναι.

525 3909 664 3964 Tim.
701 3927 756 3977 p.
790 3910 858 3964 51
896 3909 970 3961 E:
1019 3914 1117 3962 τοῦ
1148 3912 1245 3978 μὲν
1280 3908 1506 3978 (ἀλόγου
1542 3913 1755 3978 generis
1791 3911 2174 3980 cognoscendi)
2211 3912 2383 3969 noina
2418 3918 2586 3988 ἄνδρα
2653 3947 2662 3952 -

524 3994 761 4064 μετέχειν
795 3995 1027 4068 φατέον,
1076 3993 1170 4052 νοῦ
1218 4001 1276 4052 δὲ
1312 3996 1501 4061 θεοὺς,
1538 3997 1845 4073 ,ἀνθρώπων
1894 4004 1949 4055 δὲ
1983 4004 2141 4072 γένος
2173 4001 2314 4074 βαχύ
2353 4026 2427 4059 τι.
2499 4007 2585 4060 Cf.

527 4090 761 4157 Sophist.
796 4107 849 4160 p.
885 4093 989 4143 254
1024 4092 1088 4143 A.
1125 4089 1334 4146 Phileb.
1372 4109 1424 4159 p.
1451 4093 1521 4144 52
1557 4093 1617 4144 B.
2465 4079 2469 4084 ’
