2900 4759
2467 222 2552 285 85

338 397 506 477 pbia,
562 400 675 478 ait,
729 399 872 463 nibil
915 403 1313 481 praestantius
1358 396 1611 479 (μεῖζσν
1647 390 1959 480 dynam
1999 398 2257 463 deorum
2300 403 2558 459 muniere

336 515 479 566 nec·
502 503 702 567 datum
756 523 901 570 esse
944 507 1277 571 mortalium
1318 506 1535 589 generi
1579 521 1698 566 nec
1741 503 1940 567 datum
1986 507 2076 566 iri.
2167 503 2288 569 Sed
2315 505 2424 566 1ὶῐιῑ
2453 493 2560 564 bis³

333 609 487 674 locis
533 611 720 674 verba
762 627 887 676 non
932 615 1106 678 nimis
1150 619 1290 677 sunt
1343 611 1694 694 premenda.
1795 610 2113 693 Pei-magni
2151 629 2304 675 sane
2353 593 2560 672 rme?

335 717 611 779 aestimat
650 719 1023 798 sapientiam,
1070 737 1325 800 eamque
1369 718 1723 800 permultum
1754 716 1957 779 valere
2001 717 2076 778 ad
2113 717 2546 779 beate0viven-

335 821 508 901 dum,
553 823 901 903 arbitratur,
943 825 1087 902 sed,
1131 825 1235 888 ubi
1278 826 1615 890 accuratius
1667 842 1798 886 rffln
1851 822 2128 901 rimatur,
2188 822 2346 886 aliud
2400 821 2543 902 quid

331 933 630 1008 tamquam
694 933 1090 1010 praestantius
1160 933 1337 995 etiam
1390 938 1456 994 et
1513 933 1707 1014 majus
1775 930 1999 998 bonum
2064 928 2148 991 illi
2216 929 2540 1009 anteponit.

330 1033 506 1107 Quod
534 1036 693 1116 quid
748 1041 856 1119 sit,
897 1040 1232 1119 proximum
1278 1042 1457 1118 caput
1499 1038 1806 1101 ostendet.

1291 1229 1433 1310 Cap.
1482 1229 1577 1291 IV.
1702 1255 1709 1265 ·

359 1427 369 1432 ,
498 1356 673 1420 Nunc
715 1358 905 1438 ipsam
954 1356 1247 1420 beatam
1306 1358 1533 1420 vitam
1577 1377 1613 1421 e
1659 1358 2044 1438 voluptate
2090 1362 2167 1422 et
2209 1355 2541 1420 scientia

332 1462 409 1526 in,
452 1463 760 1527 Philebo
806 1464 1303 1543 compositam
1348 1465 1830 1530 consideremus.
1918 1463 1983 1524 ln
2028 1464 2337 1543 utriusque
2381 1455 2580 1523 enim=

333 1569 764 1650 conjunctione
807 1575 873 1631 et
913 1570 1084 1650 qnasi
1138 1569 1565 1634 commixtione
1607 1570 1690 1632 ibi
1735 1571 1787 1632 is
1831 1572 1992 1632 vitae
2033 1554 2222 1632 status
2275 1567 2538 1648 ponitur,

330 1676 433 1755 qui
482 1675 764 1738 omnibus
828 1682 1033 1759 gratus
1088 1682 1151 1737 et
1205 1678 1582 1756 expetendus
1644 1678 1721 1740 sit
1776 1672 2006 1751 (πᾶσι.
2046 1667 2428 1758 προσφιλής·
2455 1709 2536 1719 -—

330 1800 388 1861 p.
446 1780 530 1843 64
587 1782 686 1857 C).
786 1780 863 1843 Ut
920 1787 1118 1844 antem
1176 1783 1381 1845 mixtio
1450 1782 1770 1863 voluptatis
1827 1789 1889 1844 et
1951 1782 2314 1865 cognitionis
2376 1780 2537 1843 hunc

326 1908 477 1952 vere
519 1889 830 1978 praebeat,
875 1887 1020 1950 addi
1042 1889 1117 1950 iis
1148 1890 1432 1953 Socrates
1467 1889 1642 1970 jubet
1686 1889 2019 1967 veritatem,
2066 1907 2220 1969 quae
2265 1888 2379 1949 nisi
2415 1887 2533 1950 ad-

310 1997 427 2078 sit,
470 1996 614 2056 nihil
656 2013 918 2073 unquam
961 2007 1179 2056 revera
1222 1996 1416 2073 possit
1457 1994 1586 2057 fieri
1631 2012 1831 2073 neque
1875 2014 2017 2059 esse
2063 1996 2177 2071 (ib.
2221 1995 2323 2069 B).
2381 1994 2535 2069 Qui-

326 2099 440 2162 bus
483 2099 686 2162 verbis
729 2100 791 2161 id
838 2100 971 2161 sine
1010 2097 1192 2160 dubio
1239 2093 1561 2179 significat,
1604 2101 1782 2161 vitam
1826 2101 2068 2163 beatam
2091 2121 2132 2163 e
2160 2102 2382 2164 mentis
2422 2118 2536 2163 usu

329 2212 391 2267 et
431 2204 751 2285 voluptatis
796 2203 993 2267 fmctu
1032 2203 1114 2264 ita
1157 2210 1549 2283 temperatam
1593 2222 1737 2268 esse
1779 2206 2047 2286 debere,
2090 2212 2155 2270 ut
2196 2207 2537 2269 consentiat

325 2313 624 2375 communi
667 2312 944 2375 omnibus
988 2310 1172 2373 rebus
1216 2313 1529 2392 proposito
1574 2311 1675 2374 fini
1730 2314 1861 2376 sive
1905 2312 2082 2376 ideae
2125 2313 2291 2376 boni.
2378 2309 2531 2376 Nihil

327 2422 486 2484 enim
531 2421 670 2499 nisi,
714 2418 877 2499 quod
919 2417 1057 2482 huic
1101 2420 1298 2482 omnis
1340 2438 1528 2483 verae
1574 2419 1880 2482 essentiae
1923 2417 2077 2481 fonti
2121 2439 2195 2482 ac
2236 2419 2530 2501 principio

320 2528 677 2608 respondet,
722 2544 841 2589 nec
876 2509 1107 2590 ⁸honum
1151 2531 1246 2589 est
1290 2544 1409 2589 nec
1454 2531 1574 2590 est
1616 2528 1884 2592 omnino.
1911 2523 2066 2601 (vid.
2106 2544 2269 2607 supr.
2297 2545 2355 2606 p.
2389 2524 2529 2601 70).

273 2636 448 2710 „Hac
487 2636 726 2699 ratione
770 2638 865 2697 est
903 2650 1118 2696 norma
1163 2632 1461 2713 quaedam
1508 2633 1853 2712 constituta,
1899 2633 1979 2697 ad
2023 2651 2201 2713 quam
2245 2633 2300 2695 si
2349 2650 2527 2696 com-

324 2727 611 2824 ponitur,
654 2741 772 2802 vita
826 2756 1078 2819 prorsus
1134 2738 1271 2801 talis
1323 2745 1448 2818 est,
1504 2738 1697 2820 qualis
1749 2737 1936 2802 debet
1985 2735 2150 2802 essse.
2211 2727 2396 2801 ‘Nam
2449 2737 2529 2801 ad

320 2849 519 2913 ideam
564 2848 711 2911 boni
757 2846 809 2908 si
850 2833 1114 2908 refertur
1157 2852 1219 2908 et
1262 2844 1755 2909 accommodatur
1794 2845 1914 2906 vita
1955 2843 2236 2923 limana,
2280 2843 2525 2907 modum

322 2954 623 3036 quendam
666 2954 727 3014 in
759 2969 830 3013 se
854 2952 1090 3031 recipit,
1135 2952 1234 3030 qui
1278 2948 1482 3027 efficit,
1528 2956 1593 3012 ut
1623 2965 1848 3012 omnes·
1870 2951 2001 3032 ejus
2038 2957 2263 3030 partes,
2309 2966 2523 3012 omnes

317 3061 552 3126 scilicet
599 3057 998 3139 appetitiones
1054 3063 1115 3117 et
1159 3057 1464 3134 actioneS,
1516 3054 1915 3136 pulcherrime
1965 3057 2124 3118 inter
2178 3073 2248 3118 se
2304 3056 2522 3119 conci-

317 3173 465 3230 nant
508 3173 570 3228 et
612 3163 688 3225 ad
733 3180 940 3224 verum
984 3160 1242 3224 hominis
1295 3161 1474 3223 finem
1531 3161 1649 3222 sint
1691 3160 1976 3223 directae.
2065 3160 2141 3221 Ut
2179 3160 2361 3245 igitur
2404 3160 2521 3225 ali—

320 3273 490 3355 cujus
533 3271 655 3332 vita
682 3268 974 3334 ‚omnibus
1016 3268 1282 3334 numeris
1317 3266 1588 3330 absoluta
1622 3269 1719 3345 sit,
1763 3269 1878 3329 tria
1918 3269 1977 3330 ei
2005 3268 2213 3330 inesse
2256 3273 2519 3348 oportet,

316 3396 495 3461 quae.
517 3393 734 3438 revera
768 3376 1008 3455 quidem
1044 3380 1184 3439 sunt
1223 3392 1427 3452 unum,
1473 3374 1802 3457 cogitando
1845 3380 2043 3439 autem
2084 3380 2340 3456 possunt
2379 3373 2517 3437 dis-

307 3485 502 3572 Jungi.
551 3482 859 3556 Quatenus
890 3483 1050 3544 enim
1081 3483 1261 3543 vitam
1297 3481 1616 3544 referimus
1646 3480 1722 3549 ad
1760 3498 2050 3544 summum
2090 3500 2293 3544 rerum
2334 3480 2514 3543 finem

313 3594 375 3655 in
428 3590 567 3653 idea
620 3587 767 3651 boni
826 3589 998 3651 situm
1055 3605 1126 3650 ac
1178 3590 1511 3668 reperimus
1564 3585 1702 3650 huic
1759 3593 2230 3668 congruentem,
2293 3585 2393 3646 fini
2450 3592 2513 3648 et

312 3697 546 3762 notioni
580 3712 728 3759 suae
763 3693 1022 3756 eandem
1055 3694 1457 3774 respondere,
1504 3711 1655 3775 ergo
1689 3710 1934 3754 veram
1971 3707 2113 3752 esse
2145 3688 2505 3771 judicamus.

311 3806 376 3871 Si
415 3823 563 3868 vero
610 3801 880 3885 singulas
919 3805 1120 3880 partes
1165 3804 1527 3878 spectamus,
1573 3803 1635 3858 et
1675 3795 1787 3858 has
1832 3813 2046 3858 omnes
2081 3814 2252 3859 suum
2288 3787 2506 3876 quam-

316 3928 434 3989 que
475 3910 747 3974 videmus
790 3907 1032 3971 modum
1073 3909 1386 3982 tenentes,
1430 3921 1633 3983 neque
1676 3901 1994 3983 quidquam
2038 3900 2112 3963 ab
2154 3902 2245 3965 rei
2285 3901 2404 3966 fine
2445 3909 2511 3965 et

313 4015 567 4080 consilio
622 4013 902 4104 postulati
957 4011 1406 4089 desideramus,
1467 4001 1968 4093 ξυμμετρὲας
2006 4008 2244 4071 laudem
2289 4009 2506 4073 eitri-

318 4120 571 4186 buimus.
660 4123 849 4197 Quam
902 4121 1198 4185 internam
1240 4117 1491 4200 partium
1535 4116 2013 4181 convenientiam
2028 4162 2047 4195 ,
2092 4121 2389 4197 quatenus
2427 4136 2503 4182 ea
