2900 4759
359 208 481 276 132

343 381 575 466 joctive
614 387 940 462 extantem,
983 399 1105 445 nec
1145 381 1465 462 quiescere
1507 380 1576 442 in
1608 377 1874 460 quadam
1902 383 2080 456 stau,
2123 393 2245 441 nec
2284 375 2349 438 in
2386 387 2557 440 mera

350 490 751 573 generatione
783 489 1037 567 versari,
1082 488 1197 550 sed
1242 489 1660 568 quiescentem
1689 486 1754 547 in
1789 502 1861 547 se
1890 484 2124 564 moveri
2160 482 2222 546 h.
2257 500 2316 546 c.
2361 498 2557 562 ope·-

349 597 539 675 rari‚
583 613 710 659 nou
749 594 1184 658 annnadvertit.

522 702 699 776 Quod
743 718 881 763 eum
922 700 1121 763 multis
1162 697 1577 783 repugnantiis
1618 695 1922 776 ‘nupiicm‘t‚
1965 712 2218 775 quarum
2257 693 2558 789 Aristo·-

350 807 551 872 teles
603 809 665 870 iu
722 806 959 870 Ethic.
1019 806 1297 870 Nicom.
1351 804 1398 867 1.
1455 803 1503 866 4
1559 802 1880 867 nonnullas
1933 807 2120 866 notat.
2226 791 2566 881 Platonem,

351 915 451 993 ait,
489 915 665 978 ideas
706 931 911 976 earum
952 931 1154 976 rerum
1182 927 1311 977 non
1337 911 1747 988 constituisse,
1793 907 2006 989 quibus
2046 908 2210 988 prius
2236 915 2309 1002 *et
2341 914 2559 990 peste·-

348 1019 475 1083 rius
514 1021 676 1099 insit,
720 1036 1107 1083 numerurm
1150 1020 1331 1101 igitur
1372 1035 1517 1081 esse
1558 1018 1762 1081 ideam
1799 1031 2085 1096 negasse.
2134 1015 2320 1080 Sicuti
2363 1021 2562 1080 autem

348 1141 735 1189 numerorum
800 1126 996 1188 series
1050 1127 1132 1188 ita
1185 1123 1496 1205 procedit,
1549 1127 1626 1185 ‘ut
1688 1121 1993 1204 posterior
2055 1122 2319 1204 priorem
2375 1121 2437 1184 iu
2491 1139 2563 1186 se

351 1232 658 1294 contineat
702 1238 765 1294 et
806 1248 1051 1312 semper
1095 1232 1244 1295 alius
1288 1231 1406 1294 alio
1455 1235 1556 1292 aut
1595 1229 1902 1309 posterior
1953 1234 2057 1290 aut
2095 1228 2263 1312 prior
2304 1228 2400 1306 sit,
2447 1245 2563 1289 ea—

351 1336 491 1399 dem
543 1338 698 1430 ratio
759 1344 854 1400 est
909 1338 1110 1401 finium
1163 1338 1488 1402 variorum.
1586 1335 1852 1408 Quorum
1907 1333 2058 1398 alius
2113 1333 2230 1398 alio
2287 1334 2566 1415 superior
2667 1377 2682 1396 .

351 1450 448 1507 est
497 1450 675 1524 atque
718 1443 1043 1508 inferiores
1100 1443 1518 1525 complectitur
1561 1448 1622 1504 et
1663 1442 1728 1503 in
1771 1458 1841 1504 se
1886 1440 2185 1518 continet,
2239 1439 2445 1504 donec
2486 1440 2565 1506 ad

351 1549 616 1612 ultimum
665 1557 1021 1629 perventum
1070 1558 1199 1630 est,
1259 1552 1360 1631 qui
1404 1565 1619 1611 omnes
1662 1546 1816 1611 fines
1862 1545 2318 1626 comprehendit
2361 1549 2565 1610 omni*-

349 1656 584 1737 husque
624 1659 931 1735 posterior
974 1664 1073 1720 est
1102 1662 1273 1732 ¹¹¹⁴).
1360 1654 1670 1718 Posterius
1715 1651 1998 1733 quiddam
2044 1653 2205 1716 enim
2250 1659 2345 1715 cst
2387 1654 2565 1720 nohis

352 1778 390 1830 a
434 1762 688 1845 singulis
735 1763 812 1825 ad
842 1763 1198 1826 'universale
1241 1759 1716 1825 ascendentibus
1748 1751 1948 1840 (πρὸς
1988 1749 2217 1839 ἡμᾶς),
2246 1761 2412 1839 prim
2448 1780 2564 1824 au·-

350 1875 473 1931 tem
538 1874 633 1931 est
686 1874 897 1931 natura
951 1863 1304 1955 (φύσει),.
1336 1866 1672 1931 secundum
1725 1882 1902 1945 quam
1954 1862 2052 1943 id,
2103 1866 2266 1944 quod
2323 1867 2565 1951 singula

362 1975 814 2056 complectitur,
859 1974 1014 2040 haec
1057 1976 1168 2039 sibi
1208 1976 1482 2057 subJecta
1524 1974 1608 2035 ita
1650 1969 1987 2049 antecedit,
2028 1977 2096 2034 ut
2138 1990 2212 2033 ea
2251 1973 2388 2037 sine
2432 1975 2564 2055 ipsa

350 2099 477 2146 uon
535 2083 899 2144 extitissent.
981 2079 1111 2143 Nec
1165 2099 1313 2144 vero
1375 2085 1598 2156 totum,
1654 2078 1926 2158 quamvis
1979 2077 2230 2160 singulis
2282 2071 2445 2160 prius
2489 2082 2566 2146 sit

354 2195 417 2250 et
459 2188 781 2251 antecedat
836 2187 1318 2267 quodammodo,
1375 2188 1509 2250 sine
1561 2183 1815 2266 singulis
1860 2199 2002 2246 esse
2052 2169 2273 2265 pot'est.
2356 2186 2561 2266 ltaque

312 2365 319 2376 ,
354 2301 690 2356 extremum
733 2284 962 2357 honum
1019 2307 1313 2373 nusquam
1356 2299 1483 2371 ast,
1537 2293 1656 2356 nisi
1699 2292 1761 2353 in
1801 2289 2054 2371 singulis
2106 2291 2304 2355 bonis.
2377 2293 2562 2388 *Quae
2661 2312 2671 2323 ·

266 2449 275 2456 ,
349 2402 431 2463 ita
471 2402 630 2463 inter
670 2418 740 2464 se
784 2406 927 2464 sunt
968 2415 1281 2478 connexa,
1335 2391 1436 2477 ut,
1484 2400 1754 2479 quamvis
1799 2398 2064 2478 quidque
2103 2399 2196 2462 sui
2238 2415 2419 2463 causa
2461 2401 2559 2479 sit,

349 2514 550 2589 tamen
607 2509 796 2576 etiarn,
840 2506 919 2568 ad
976 2506 1090 2569 alia
1142 2505 1472 2582 referatur,
1536 2508 1598 2566 et
1653 2503 1809 2567 aliud
1864 2504 1964 2567 alii
2013 2519 2254 2585 semper
2313 2507 2557 2572 serviat.

350 2612 682 2675 Membrum
729 2593 888 2674 enim
944 2611 1191 2691 aliquod
1247 2611 1520 2690 corporis
1566 2616 1626 2672 et
1664 2628 1776 2690 per
1819 2628 1889 2673 se
1943 2617 2246 2692 spectatur
2293 2609 2557 2676 bonum-—

353 2737 470 2799 que
527 2718 885 2799 appellatur,
943 2725 1238 2798 quatenus
1282 2735 1394 2780 suo
1438 2716 1730 2796 peculiari
1772 2718 2026 2781 consilio
2070 2718 2439 2799 respondet,
2496 2727 2559 2784 et

353 2824 430 2886 ad
484 2830 673 2886 totum
730 2843 949 2905 corpus
1001 2823 1292 2901 refertur,
1358 2829 1538 2903 atque
1593 2829 1660 2884 ut
1711 2821 1888 2914 hujus
1947 2826 2248 2887 communi
2302 2826 2556 2891 consffio

352 2932 598 3010 serviat,
638 2930 988 3011 postulatur.
1057 2930 1268 2992 Manus
1310 2931 1493 3014 igitur
1533 2936 1654 2991 tam
1701 2930 1791 2993 sui
1833 2931 2018 3010 ipsius
2061 2948 2238 3009 quam
2285 2935 2554 3015 corporis

351 3038 541 3121 gratia
585 3044 700 3116 est,
748 3037 998 3119 eiusque
1031 3036 1165 3098 finis
1206 3035 1308 3097 fini
1350 3037 1532 3099 totius
1579 3036 1852 3118 corporis
1898 3044 1991 3099 est
2023 3037 2352 3119 subjectus,
2389 3040 2552 3119 quod

348 3143 509 3206 hunc
550 3162 677 3208 non
718 3143 890 3205 aliter
916 3145 1254 3223 assequitur
1286 3162 1360 3205 ac
1395 3143 1646 3230 singulis
1691 3142 2023 3225 quibusque
2064 3145 2350 3209 membris
2384 3164 2552 3210 suam

350 3249 679 3313 bonitatem
734 3251 1097 3312 consecutis.
1184 3248 1367 3315 Simili
1407 3268 1562 3313 vero
1604 3252 1872 3328 ratione,
1922 3268 1995 3312 ac
2037 3252 2307 3330 corporis
2351 3270 2549 3314 mem—

349 3355 489 3433 bra,
532 3355 809 3438 singulae
853 3356 1059 3418 mundi
1098 3373 1200 3417 res
1244 3357 1404 3419 inter
1445 3374 1516 3419 se
1561 3356 1909 3435 cohaerent,
1956 3374 2224 3436 suosque
2264 3358 2547 3439 multipli-

353 3478 461 3523 ees
504 3460 656 3523 fines
700 3460 927 3522 habent
967 3462 1126 3524 inter
1169 3480 1239 3524 se
1284 3480 1619 3525 connexos.
1665 3463 1741 3524 Et
1781 3481 1981 3526 rerum
2023 3464 2382 3528 universitas
2424 3472 2546 3528 tum

353 3568 590 3631 demum
647 3567 722 3629 ad
784 3585 952 3629 suum
1007 3568 1185 3630 finem
1244 3576 1305 3630 et
1359 3587 1674 3631 commune
1728 3569 1953 3632 bonum
2004 3572 2308 3651 pervenit,
2367 3579 2544 3652 quum

350 3675 623 3758 singulae
666 3692 769 3738 res
814 3693 925 3737 suo
972 3675 1246 3756 'quaeque
1289 3674 1574 3755 peculiari
1619 3674 1901 3754 consilio,
1949 3675 2111 3756 quod
2158 3678 2284 3740 aliis
2330 3682 2541 3742 consi-

348 3925 473 3995 174)
506 3928 598 3981 ef.
635 3902 1320 3995 Trendelenburgiuz
1355 3905 1422 3982 ᾱὲ
1460 3930 1601 3986 lueis
1636 3936 1693 3982 et
1726 3929 1978 3983 Numen-is
2009 3931 2223 3983 Platon.
2258 3947 2313 3998 p.
2335 3929 2540 3999 sosqq.

485 4018 687 4072 Riese
722 4019 810 4074 die
843 4018 1188 4088 Philosophia
1226 4021 1321 4073 des
1354 4020 1669 4075 Aristoteles
1704 4021 1771 4074 11.
1812 4037 1864 4089 p.
1899 4022 2024 4075 256.
2092 4022 2325 4073 Zeller
2357 4023 2543 4075 Plato-

489 4109 672 4162 nische
710 4108 934 4162 Studien
973 4127 1028 4176 p.
1065 4110 1171 4163 243
1205 4127 1320 4180 sqq.
