2900 4759
354 229 444 296 44

357 403 505 466 m’ni
536 399 923 482 'appetendus
962 402 1075 480 sit,
1129 401 1415 463 universe
1472 400 1652 464 statui
1691 405 1912 481 potest.
1945 396 1978 409 ”
2002 397 2128 465 Sed
2169 399 2385 481 qufflus
2428 400 2563 462 sin-

361 509 518 594 gulis
559 509 782 572 viis-et
819 508 1173 587 rationibus,
1217 514 1285 572 ut
1316 507 1402 570 ad
1443 505 1607 578 illum
1649 506 1829 572 finem
1871 507 2257 588 perveniant,
2300 505 2566 576 homini-

365 616 477 680 bus
510 617 585 679 sit
615 611 963 677 enitendum
1009 621 1091 693 et,
1138 629 1297 695 quae
1316 615 1886 696 memmi-accipiat,
1933 613 2410 696 exsequendum,
2445 613 2568 680 etia

364 729 463 786 est
504 722 810 801 quaestio,
858 737 1014 800 quae
1057 726 1244 786 totam
1289 720 1546 783 ethicam
1592 720 1926 784 doctrinam
1947 720 2385 802 'complectitur
2426 724 2488 782 et
2532 709 2569 780 a

362 828 614 891 Platone
668 827 939 906 inprimis
991 827 1054 887 in
1107 825 1281 889 libris
1341 827 1421 890 de
1475 825 1801 907 Republica
1856 827 2092 908 scriptis
2146 831 2399 889 tractata
2455 829 2568 887 est:

364 933 551 1004 Haec
577 950 819 1013 quoque
862 930 1041 996 nobis
1080 934 1199 995 erit
1238 931 1626 1013 respicienda
1666 933 1924 1011 penitius
1957 930 2369 1011 intellectmis,
2414 939 2572 1010 qua·—

362 1042 484 1105 lem
536 1037 928 1122 philosophus
983 1044 1195 1101 noster
1244 1045 1431 1102 totam
1483 1039 1664 1100 vitain
1728 1036 2044 1101 humanam
2095 1055 2241 1102 esse
2296 1033 2573 1115 voluerit,

363 1154 431 1211 ut
485 1152 655 1211 esset
705 1142 979 1225 perfecte
1034 1143 1255 1206 beatar
1332 1145 1720 1207 Disseremus
1772 1143 1955 1226 igitur
2008 1143 2088 1207 de
2140 1143 2390 1227 singulis
2442 1142 2576 1224 ejus

362 1253 721 1331 momentis„
774 1252 857 1317 ita
899 1256 999 1330 ut,
1052 1250 1251 1332 qualia
1305 1251 1381 1314 ab
1424 1249 1529 1313 illo
1575 1247 1820 1312 definita
1862 1249 2011 1328 sint,
2068 1249 2381 1330 qualisque
2418 1237 2594 1311 inter'

370 1377 447 1421 ea
499 1356 837 1422 intercedat
888 1357 1065 1419 ratio‘
1098 1375 1173 1419 ac
1227 1355 1622 1421 necessitudo
1642 1402 1661 1436 ,
1718 1362 2158 1438 cognoscatur-z
2209 1355 2458 1436 primum
2496 1351 2578 1415 de

367 1463 698 1544 voluptate,
742 1470 864 1525 tum
909 1463 988 1525 de
1033 1462 1319 1528 scientia:
1366 1462 1631 1541 denique
1657 1460 2001 1524 universam
2032 1461 2257 1545 agendi
2283 1461 2580 1525 rationem

373 1590 410 1634 a
451 1569 707 1633 Platone
748 1576 1134 1650 praeceptam
1168 1568 1539 1632 adumbrare
1579 1566 1953 1631 conabimur.

1282 1827 1287 1832 ,
1349 1758 1494 1841 Cap.
1541 1761 1614 1826 11.

422 1895 425 1898 ·
542 1887 639 1948 De
681 1884 1067 1967 voluptate
1109 1901 1237 1949 non
1281 1884 1477 1949 solum
1517 1886 1584 1949 in
1629 1883 1911 1965 Philebo,
1967 1886 2083 1950 sed
2125 1887 2187 1950 in
2232 1887 2363 1950 aliis
2405 1887 2583 1949 etiam

378 1991 637 2075 dialogis
678 1990 861 2055 multa
903 2011 940 2054 a
980 1991 1232 2055 Platone
1279 1991 1533 2073 copiose
1588 1992 1883 2074 disputata
1927 1999 2066 2056 sunt
2107 2005 2286 2073 quum
2327 2011 2464 2056 eam
2503 1990 2584 2055 ¹oli

380 2115 653 2178 causam,
694 2104 765 2189 ut
800 2097 1072 2177 videtur,
1118 2099 1282 2178 quod
1328 2099 1696 2162 desiderium
1741 2099 2059 2180 voluptatis
2101 2100 2162 2160 in
2207 2099 2336 2179 ipsa
2378 2104 2589 2161 natura

381 2205 642 2269 humana
684 2197 766 2267 i'ta
807 2205 981 2267 situm
1022 2211 1149 2282 est,
1196 2210 1260 2267 ut
1301 2221 1547 2286 semper
1591 2223 1805 2270 omnes
1849 2205 2124 2269 homines
2142 2213 2184 2284 ,⁸
2216 2204 2479 2284 inprimis
2522 2204 2585 2282 ii,
2687 2205 2690 2206 ’

383 2327 637 2393 quorum
681 2310 861 2373 animi
905 2309 983 2372 ad
1037 2309 1309 2373 altiorum
1346 2309 1553 2374 studia
1596 2327 1722 2375 non
1769 2311 1958 2375 erecti
2003 2283 2172 2390 s'unt,
2228 2310 2422 2390 aliqua
2477 2327 2587 2372 ra·—

383 2419 554 2483 tione
598 2435 732 2479 eam
774 2420 1079 2496 appetant,
1119 2422 1242 2480 tum
1289 2418 1647 2498 praecipue,
1711 2421 1848 2499 quia
1891 2417 2155 2482 Platonis
2198 2422 2429 2495 aetate,
2473 2431 2592 2495 qua

383 2523 550 2588 multi
576 2521 670 2584 .ad
710 2522 957 2585 nimium
1000 2521 1094 2585 sui
1136 2520 1395 2585 studium
1438 2517 1727 2604 'propensi
1773 2530 1977 2603 erant,
2036 2525 2216 2588 etiam
2257 2520 2593 2604 plu‘iosophi

387 2630 737 2707 extiterant,
768 2626 872 2709 qui
913 2626 1060 2691 illud
1103 2626 1471 2691 desiderium
1504 2645 1616 2709 pro
1662 2646 1896 2694 summo
1938 2630 2265 2710 habebant,
2311 2629 2592 2710 volupta-

392 2742 639 2814 temque
681 2749 865 2795 unam
907 2733 1149 2817 dignam
1193 2749 1336 2797 esse
1352 2780 1370 2812 ,
1425 2751 1586 2815 quae
1630 2742 2043 2818 appeteretur,
2084 2737 2417 2801 rationibus
2458 2741 2592 2798 stu-

390 2838 622 2904 debant
678 2837 1118 2902 demonstrare.
1209 2838 1414 2902 Talem
1472 2841 1819 2921 opinionem
1865 2841 1962 2904 alii
2003 2859 2184 2923 quum
2226 2859 2432 2906 veram
2470 2857 2596 2904 non

391 2961 539 3011 esse
576 2943 1011 3028 intelligerent,
1053 2961 1175 3008 nec
1214 2951 1441 3025 tamen,
1487 2947 1629 3027 quid
1672 2949 1802 3010 veri
1842 2949 1906 3010 in
1951 2967 2028 3012 ea
2065 2949 2305 3028 lateret,
2348 2951 2600 3029 possent

384 3052 738 3134 perspicere
755 3095 774 3129 ,
837 3056 902 3126 ut
950 3049 1045 3130 fit,
1100 3068 1248 3116 vera
1303 3070 1436 3114 cum
1493 3050 1666 3115 falsis
1716 3054 2073 3136 rejiciebant
2127 3061 2188 3117 et
2237 3055 2299 3116 in
2354 3054 2598 3116 alteram

358 3157 572 3240 'plane
610 3158 976 3221 ‘contrariam
1023 3158 1382 3221 sententiam
1430 3158 1895 3240 delabebantur,
1947 3162 2312 3243 voluptatem
2360 3160 2601 3223 minime

396 3283 539 3330 esse
584 3262 1021 3345 expetendam,
1068 3265 1247 3327 immo
1292 3270 1591 3343 tamquam
1637 3263 1853 3327 malum
1898 3265 2266 3349 fugiendam.
2349 3264 2451 3328 Ad
2488 3262 2600 3330 has

395 3378 594 3436 autem
648 3368 980 3432 sententias
1037 3366 1454 3448 dijudicandas
1469 3413 1488 3446 ,
1548 3367 1716 3442 Plato
1779 3370 2005 3450 primus
2062 3378 2234 3436 recte
2285 3370 2599 3449 intellexit,

397 3483 538 3542 ante
595 3474 796 3538 omniu
852 3488 1006 3552 opus
1061 3488 1207 3536 esse
1263 3479 1545 3564 accurata
1607 3476 1965 3554 quaestione
2017 3477 2109 3542 de
2159 3479 2481 3542 notione
2529 3482 2603 3538 et

396 3587 664 3644 natura
706 3577 1148 3660 voluptatis:
1192 3596 1333 3640 nam
1373 3576 1490 3641 hac
1533 3580 1770 3643 demum
1814 3582 2123 3663 explorata
2164 3582 2243 3647 de
2284 3581 2605 3664 voluptatis
2679 3585 2684 3592 '

396 3685 593 3768 pretio
639 3702 714 3748 ac
760 3684 1051 3770 dignitate
1094 3683 1236 3747 licet
1277 3683 1609 3763 prudenter
1643 3685 1921 3775 judicare
1956 3693 1977 3729 ¹
1993 3694 2085 3766 θ).
2133 3681 2604 3773 Investigaturus

435 3870 531 3938 16)
565 3871 890 3926 Praesertim
935 3871 992 3925 in
1043 3873 1386 3941 quaestIones
1444 3876 1570 3923 ante
1616 3874 1896 3927 Platonem
1944 3874 2012 3926 de
2060 3876 2333 3944 voluptate
2375 3867 2636 3940 agitatas‘

454 3999 463 4008 .
542 3960 813 4028 quadrant
849 3979 991 4031 quae
1025 3962 1084 4015 in
1116 3964 1361 4016 Phaedro
1396 3980 1451 4031 p.
1488 3964 1593 4018 237
1629 3966 1675 4018 0
1708 3967 1993 4032 leguntur:
2034 3959 2160 4025 τοὺς
2190 3961 2417 4023 πολλοὺς
2451 3959 2608 4031 λέλη-
2661 4019 2670 4024 ,

537 4056 659 4116 θεν,
695 4044 782 4105 ὅτι
816 4049 914 4107 οὒκ
944 4058 1095 4107 ἴσασι
1128 4049 1225 4119 τὴν
1260 4052 1464 4109 οὓσίαν·
1489 4055 1727 4110 ἑκάστου.
1797 4046 1865 4113 ὦς
1899 4048 1997 4107 οὖν
2031 4053 2224 4116 εἰδότες
2259 4051 2324 4108 οὔ
2354 4055 2609 4124 διομολο-

539 4145 763 4207 γοῦπαι
798 4147 854 4197 ἐν
889 4137 1021 4215 ἀρχῇ
1058 4147 1154 4210 τῆς
1186 4147 1439 4213 σκέψεως,
1474 4138 1825 4216 προελθόντες
1858 4143 1918 4198 δὲ
1950 4139 2013 4197 τὸ
2050 4139 2189 4206 εἰκὸς
2222 4140 2603 4201 ἀποδιδόασιν·
