2900 4759
2494 211 2578 273 69

363 382 543 446 libus.
582 380 790 446 formis
846 389 908 448 et
962 378 1301 444 rationibus
1365 378 1746 461 aliquatenus
1818 382 2077 464 cogn‘nis
2143 388 2404 448 utuntur.
2512 380 2581 446 In

362 489 457 553 his
502 489 662 553 mrim
705 490 889 554 rebus
935 487 1009 550 ab
1056 486 1225 548 omni
1273 488 1603 552 mutatione
1647 486 1862 553 alienis
1901 489 2037 568 *plus
2081 489 2240 554 inest
2279 488 2579 568 veritati83

363 599 670 679 quocirca,
714 613 871 675 quae
915 610 1023 657 eas
1070 592 1233 657 solas
1269 600 1569 674 spectant,
1616 600 1778 658 artes
1824 594 2379 660 mathematicae
2424 613 2578 677 pro-

361 705 495 784 pius
538 704 614 766 ad
646 719 855 790 veram
890 705 1349 780 accuratamque
1389 700 1802 784 cognitionem
1837 706 1902 762 et
1931 701 2243 764 scientiam
2275 701 2578 766 accedere

363 806 662 870 dicendae
704 815 865 886 sunt‘,
909 808 1267 889 praesertim
1310 808 1362 869 si
1407 824 1533 869 non
1580 807 1641 867 in
1686 804 1894 886 isormis
1939 813 2002 870 et
2045 810 2331 886 numeriS,
2378 809 2574 889 quiin

360 912 826 995 singulis-rebus
863 901 1139 995 expressi
1176 920 1526 990 cernuntur,
1571 912 2035 979 considerandis
2069 911 2417 993 subsistunt,
2460 915 2575 980 sed

230 1087 241 1093 ,
357 1017 539 1099 puras
583 1038 694 1100 per
732 1039 804 1085 se
846 1019 1075 1083 formas
1132 1019 1590 1099 abstractasque
1634 1036 1671 1080 a
1713 1020 1996 1083 sensibus
2055 1037 2275 1082 omnes
2331 1022 2571 1099 quanti-

358 1126 494 1189 tatis
536 1129 802 1191 rationes
840 1133 903 1189 et
935 1142 1255 1188 mensuras
1299 1124 1796 1204 contemplantur.
1847 1125 2102 1190 Ceterae
2147 1131 2288 1187 ante
2332 1141 2572 1188 memo-

355 1238 523 1295 ratae
551 1239 712 1296 artes
748 1233 827 1295 ad
868 1232 1157 1313 vulgares
1192 1230 1355 1292 vitae
1389 1231 1791 1294 necessitates
1820 1232 2147 1310 pertinent,
2196 1230 2351 1304 haec
2376 1237 2573 1294 autem

356 1337 774 1418 philosophice
806 1337 864 1399 h.
910 1356 964 1401 e.
1003 1337 1423 1419 cognoscendi
1468 1355 1651 1400 causa
1695 1343 1943 1402 tractata
1979 1329 2310 1417 disciplina
2333 1335 2576 1399 mathe-
2649 1345 2656 1360 '

355 1445 567 1505 matiea
612 1444 693 1506 ad
738 1443 1137 1507 eruditionem
1193 1441 1385 1506 solam
1441 1443 1743 1522 animique
1799 1442 2017 1506 cultum
2069 1441 2349 1508 refertur.
2444 1441 2576 1506 Nec

353 1554 558 1612 tamen
601 1552 663 1611 in
707 1549 831 1614 hoc
862 1567 1096 1631 genere
1131 1547 1550 1614 mathematica
1582 1549 1837 1614 scientia
1861 1549 1987 1629 jam
2020 1567 2249 1614 summa
2286 1557 2347 1620 et
2382 1539 2570 1629 prae-

353 1656 716 1719 stantissima
737 1691 748 1709 ·
771 1664 882 1720 est.
984 1654 1109 1720 Sed
1153 1673 1384 1719 ‹omnes
1445 1660 1609 1720 artes
1663 1660 1727 1718 et
1793 1653 2144 1733 disciplinae
2211 1655 2565 1738 longissime

356 1767 719 1841 superantur
762 1762 837 1824 ab
886 1780 962 1824 ea
1006 1762 1280 1838 scientia,
1328 1777 1488 1840 quae
1527 1758 1623 1837 id,
1669 1758 1833 1839 quod
1878 1779 2027 1824 vere
2061 1768 2166 1830 ‚est
2207 1780 2572 1842 semperque
2670 1771 2674 1778 '

356 1866 473 1932 sibi
516 1874 781 1945 constat,
823 1868 1167 1950 cognoscit,
1213 1865 1512 1945 nullisque
1557 1863 1834 1940 adhib-itis
1881 1866 2276 1932 sumtionibus
2318 1867 2450 1946 ipsa
2489 1886 2570 1932 ea,

350 1978 792 2053 perscrutatur,
854 1990 1010 2050 quae
1062 1972 1264 2046 ⁴omnis
1312 1976 1375 2031 et
1414 1971 1723 2033 essentiae
1766 1977 1829 2034 et
1873 1972 2235 2053 cognitionis
2277 1972 2572 2052 principia

351 2079 415 2141 in
456 2096 527 2141 se
572 2078 902 2140 continent.
989 2077 1238 2138 Praeter
1279 2091 1381 2138 res
1425 2074 1607 2156 igitur
1652 2076 1931 2150 sensibus
1975 2077 2279 2158 subjectas
2326 2082 2389 2142 et
2430 2095 2559 2157 eaS,

350 2201 500 2265 quas
545 2181 898 2263 disciplinae
942 2179 1396 2246 mathematicae
1441 2186 1751 2264 spectant,
1798 2180 1950 2245 aliae
1993 2189 2135 2250 sunt
2175 2200 2277 2250 res
2315 2184 2560 2258 ‚ratione

347 2290 729 2355 stabilissima
756 2294 829 2350 et
859 2287 1173 2368 purissima
1207 2303 1319 2367 per
1340 2304 1413 2352 se
1446 2291 1726 2352 extantes
1747 2288 2022 2369 ,ideoque
2056 2289 2562 2356 accuratissimam

347 2403 411 2462 et
432 2397 809 2461 verissimam
834 2394 1200 2476 praebentes
1228 2393 1565 2472 scientiam,
1610 2412 1787 2473 quam
1816 2413 1933 2460 nos
1959 2398 2335 2462 nominamus
2357 2397 2564 2477 philo-

348 2501 619 2582 sophiam
642 2508 707 2563 et
736 2499 903 2566 Plato
932 2501 1100 2580 ponit
1139 2500 1199 2562 in
1235 2497 1520 2564 facultate
1561 2499 1822 2579 quadam
1864 2485 2206 2568 disserendi
2250 2498 2566 2587 (δυνάμει

355 2602 472 2669 τοῦ
504 2603 942 2687 διαλέγεσθαι
971 2604 1305 2669 -Phileb.
1347 2623 1408 2686 p.
1448 2604 1538 2675 >57
1582 2605 1631 2668 E
1668 2606 1748 2672 de
1779 2607 1934 2688 Rep.
1978 2608 2100 2672 Vll.
2142 2628 2201 2690 p.
2222 2609 2345 2673 532
2376 2611 2429 2674 D
2477 2620 2582 2660 --'

347 2716 479 2778 dive
538 2708 908 2799 διαλεκτικῇ
953 2748 1036 2802 -ᾒ
1079 2713 1158 2775 ib.
1214 2729 1272 2791 p.
1319 2709 1443 2774 533
1508 2712 1620 2789 C);
1677 2720 1857 2794 atque
1910 2716 1990 2777 ita
2031 2716 2198 2797 jam,
2257 2735 2552 2797 quaenam

379 3010 468 3077 53)
505 3010 597 3061 Sic
633 3009 688 3062 in
711 3012 936 3064 Philebo
972 3011 1260 3065 clarissime
1300 3010 1401 3064 tria
1440 3002 1531 3061 illa
1554 3026 1731 3062 rerum
1768 3027 1969 3076 genera
1988 3012 2376 3080 significantur,
2412 3030 2551 3083 quae

482 3101 765 3151 Platonem
806 3100 1059 3153 statuisse
1092 3100 1523 3152 Aristoteles
1559 3099 1708 3153 dicit.
1754 3099 1875 3153 Vid.
1911 3102 2148 3170 Metaph.
2190 3105 2259 3165 A,
2295 3103 2359 3155 6:
2405 3100 2552 3174 παρὰ

482 3183 548 3239 τὰ
583 3183 822 3255 ala-0311&
860 3192 948 3240 καὶ
997 3186 1062 3241 τὰ
1101 3190 1210 3255 εἴδη
1245 3184 1311 3242 τὰ
1347 3187 1708 3257 μαθηματικὰ
1754 3192 1862 3240 τῶν
1907 3188 2222 3260 πραγμάτων
2258 3194 2393 3245 εἷναί
2424 3211 2555 3263 φησι

483 3272 704 3345 μεταξύ,
750 3279 1066 3351 διαφέροντα
1113 3279 1220 3332 τῶν
1266 3284 1364 3349 μὲν
1411 3282 1687 3345 αἰσθητῶν
1719 3272 1793 3345 τῷ
1828 3273 1978 3333 atam
2017 3283 2102 3333 καὶ
2144 3276 2366 3350 ἀκίνητα
2398 3288 2553 3351 εἶναι,

483 3363 590 3421 uir
625 3364 676 3421 δ’
715 3369 869 3421 εἰδῶν
913 3352 985 3439 τ’ςῖ
1019 3369 1090 3423 τὰ
1120 3374 1216 3438 μὲν
1263 3368 1405 3422 πολλ’
1454 3364 1591 3422 ἄττα
1636 3369 1804 3438 ὅμοια
1840 3372 1999 3436 εἶναι,
2045 3370 2109 3425 τὸ
2144 3374 2200 3426 δὲ
2231 3375 2370 3434 εἶδος
2417 3369 2552 3430 αὗτό

484 3457 538 3511 ἓν
582 3459 799 3512 ἕκαστον
844 3460 1034 3529 μόνον.
1106 3460 1201 3516 Cf..
1228 3461 1291 3527 Z,
1325 3462 1377 3513 2.
1414 3462 1486 3514 al.
1554 3449 1716 3526 Hoc,
1753 3462 1900 3529 quod
1942 3478 2107 3531 saepe
2152 3466 2219 3516 ab
2262 3466 2553 3524 Aristotele

488 3555 759 3617 tamquam
794 3551 1030 3605 numeris
1066 3549 1457 3603 mathematicis
1491 3550 1762 3619 proprium
1797 3558 2139 3618 memoratur,
2170 3554 2226 3606 in
2260 3554 2328 3607 iis
2351 3558 2551 3612 nullam

489 3639 750 3693 unitatem
787 3641 1088 3711 discrepare
1125 3643 1191 3693 ab
1231 3640 1338 3693 alia
1374 3655 1446 3705 (v.
1483 3639 1720 3709 Metaplt.
1759 3642 1835 3693 M·
1872 3641 1935 3692 6:
1984 3645 2037 3692 lv
2078 3646 2151 3709 τῷ
2194 3640 2554 3716 μαθηματικῷ

485 3729 639 3786 οῦδὲν
671 3727 917 3805 διαφέρει
960 3728 1183 3798 οῧδεμία
1228 3729 1392 3801 μόνας
1433 3726 1589 3801 ἑτέρα
1635 3725 1852 3799 ἑτέρας)
1902 3730 1970 3781 ab
2018 3730 2136 3798 ipso
2179 3729 2406 3785 Platone
2452 3717 2554 3785 h'oc

485 3824 606 3875 loco
657 3822 737 3889 (p.
771 3820 842 3872 56
877 3819 953 3887 E)
998 3821 1325 3875 enuntiatur.
1358 3838 1363 3841 ·
1399 3821 1512 3875 Cfr.
1564 3822 1629 3873 de
1676 3821 1814 3888 Rep.
1861 3821 1976 3873 vn.
2023 3838 2076 3889 p.
2113 3823 2219 3875 526
2251 3822 2317 3876 A.
2383 3811 2572 3877 Alteri*

486 3911 714 3979 numeri,
751 3910 851 3981 qui
881 3912 1118 3967 unitates
1152 3910 1382 3981 impares
1417 3911 1621 3964 habent
1655 3912 1828 3978 (velut
1853 3909 1900 3963 si
1933 3909 2061 3964 bina
2096 3917 2288 3981 castra,
2325 3914 2431 3967 duo
2453 3917 2552 3968 bo·-

486 4019 580 4056 ται
615 4008 961 4058 numerantur
995 4034 1062 4044 —
1099 3999 1307 4059 Phileb.
1351 4021 1405 4072 p.
1441 4002 1516 4057 5ss
1545 4003 1623 4073 D)
1658 4003 1815 4069 sunt,
1863 4017 2000 4071 quos
2049 4004 2290 4057 nominat
2332 4007 2549 4066 Aristot.

485 4093 721 4162 Metapa.
755 4094 819 4147 Α.
857 4094 892 4148 s
925 4096 1016 4149 fin.
1051 4093 1121 4161 Ν,
1155 4094 1188 4148 3
1225 4110 1278 4161 p.
1319 4093 1458 4149 1⁰90
1491 4095 1536 4147 B
1572 4074 1661 4161 3'6,
1698 4092 1934 4166 ἅρωμοι
1966 4096 2246 4163 αεσαηωι.
