2900 4759
380 198 623 326 68]

1353 384 1498 465 Cap.
1542 384 1638 447 111.

555 493 945 557 Accedentes
1000 491 1079 554 ad
1138 488 1405 554 Platonis
1465 490 1555 554 de
1622 492 2003 557 scientiae
2065 497 2134 557 vi
2203 500 2274 558 et
2335 501 2598 560 natura

388 602 744 671 sententiam
772 597 1185 680 explicandam
1234 615 1356 661 non
1403 598 1464 659 in
1505 599 1704 662 animo
1748 598 2038 666 habemus
2079 603 2423 667 universam
2469 604 2601 684 ejus

388 709 467 772 de
508 706 926 792 cognoscendi
980 704 1314 768 rationibus
1361 703 1695 767 doctrinam
1743 723 2090 788 exponere,
2152 709 2314 789 quod
2362 727 2396 771 a
2428 726 2599 785 ,eon—

387 816 519 880 silio
574 820 788 878 nostro
846 810 1103 874 alienum
1163 816 1276 872 est.
1376 809 1788 893 Relinquimus
1841 819 2059 893 totam,
2117 831 2293 895 quam
2351 820 2598 892 vocant,

387 920 697 985 formalem
741 918 917 1000 hujus
981 916 1299 979 doctfinae
1339 924 1572 996 partem
1613 919 1674 980 in
1716 919 1815 981 via
1859 925 1922 981 et
1963 922 2232 1000 ratione,
2288 940 2404 1002 qua
2455 920 2598 1000 quid

311 1013 325 1024 ’
387 1029 681 1112 cognosci
721 1026 946 1106 possit,
997 1022 1368 1103 exploranda
1413 1030 1783 1088 versantem.
1870 1025 1952 1087 ld‘
1980 1029 2205 1109 ipsum,
2264 1027 2426 1108 quod
2479 1044 2596 1092 co·-

384 1136 717 1219 gnoscitur,
759 1132 859 1194 hic
883 1129 1075 1194 solum
1113 1137 1478 1211 spectamuS,
1519 1138 1587 1194 ut
1608 1131 2004 1211 inveniamus,
2051 1134 2220 1215 cnjus
2254 1134 2345 1196 rei
2375 1133 2598 1216 cogni-

380 1244 551 1304 tione
606 1240 680 1304 ad
737 1239 899 1301 bene
948 1236 1250 1316 beateque
1305 1237 1633 1299 vivendum
1688 1255 1840 1317 opus
1895 1255 2042 1301 esse
2081 1241 2278 1302 visum
2333 1238 2596 1303 sitria-

380 1349 531 1412 toni.
631 1346 744 1419 Qui
801 1346 933 1424 ipse
999 1342 1181 1404 nobis
1233 1341 1391 1405 hanc
1446 1344 1603 1405 viam
1656 1335 2031 1408 monstravit.
2125 1345 2274 1407 Nam
2329 1347 2483 1409 sicut
2530 1346 2594 1406 in

381 1453 655 1531 Philebo,
700 1450 800 1513 ubi
845 1449 1118 1529 quaestio
1163 1454 1372 1511 nostra
1421 1448 1500 1511 de
1540 1450 1984 1538 summo-bono
2013 1456 2321 1532 tractatur,
2363 1452 2596 1515 devo-

382 1560 610 1640 luptate
666 1559 746 1619 ita
805 1555 1079 1633 disserit,
1147 1561 1211 1618 ut
1277 1572 1402 1618 non
1462 1556 1522 1616 in
1576 1557 1905 1635 rationem,
1969 1574 2086 1638 qua
2152 1558 2294 1639 quid
2344 1557 2595 1640 jucundi

382 1664 764 1748 percipiatur,
810 1660 921 1723 sed
956 1662 1017 1722 in
1061 1676 1164 1722 res
1201 1659 1366 1740 ipsas
1392 1660 1697 1741 jucundas
1729 1663 2008 1742 inquirat,
2052 1663 2141 1726 sic
2179 1664 2404 1727 ibidem
2445 1681 2593 1743 aon,

380 1769 652 1856 id‘quod
697 1768 758 1829 in
798 1766 1131 1829 Theaeteto
1178 1764 1354 1843 fecit,
1416 1785 1449 1828 a
1499 1765 1670 1830 sonte
1731 1770 2149 1852 cognoscendi
2201 1771 2594 1852 proficiscens

383 1875 745 1960 cognitionis
789 1872 1016 1936 formas
1059 1871 1402 1953 perlustrat,
1449 1873 1561 1936 sed
1609 1892 1711 1938 res
1757 1875 1941 1954 solaS,
1986 1894 2166 1957 quae,
2207 1884 2272 1939 ut
2304 1893 2592 1954 smnmum

294 1989 297 1992 '
379 1985 607 2047 bonum
652 1980 1047 2061 adipiscatur,
1106 1979 1333 2042 homini
1390 1987 1595 2043 mente
1642 2000 1715 2045 ac
1770 1983 2121 2067 cognitione
2174 1983 2595 2065 assequendae

377 2093 515 2168 sint,
559 2088 884 2170 investigat
931 2085 1109 2161 (inde
1153 2103 1187 2148 a
1229 2104 1288 2166 p.
1336 2085 1416 2146 55
1462 2086 1574 2163 D).

549 2193 794 2256 orditur
855 2211 889 2254 a
943 2190 1178 2253 rebus
1236 2190 1367 2253 sub
1427 2210 1713 2258 sensus
1773 2196 2186 2278 subjectis,
2251 2197 2313 2258 in
2377 2195 2590 2276 quibus

372 2300 539 2363 nulla
580 2305 678 2362 est
720 2299 1055 2362 constantia
1094 2313 1297 2378 neque
1339 2297 1651 2362 stabilitas
1723 2300 1911 2374 Quam
1957 2302 2034 2365 ob
2081 2321 2321 2391 causam
2365 2303 2591 2385 cogni-

374 2408 598 2484 tioneS,
641 2395 802 2485 *quae
833 2404 908 2466 ad
942 2402 1053 2465 bas
1086 2401 1250 2465 solas
1293 2411 1592 2483 spectant,
1636 2421 1843 2486 parum
1889 2408 2176 2473 fimitatis
2220 2415 2282 2472 et
2307 2408 2593 2475 ,veritatis

373 2514 627 2588 habent3
675 2513 843 2593 cujus
888 2509 1138 2592 generis
1185 2515 1291 2590 est,
1320 2511 1572 2589 musica,
1612 2529 1769 2591 quae
1802 2514 1991 2576 inscia
2025 2533 2407 2601 numerorum
2437 2514 2592 2578 har-

378 2620 755 2683 monicorum
806 2623 865 2678 et
905 2633 1250 2695 mensurae,
1296 2616 1631 2680 secundum
1681 2635 1856 2697 quam
1893 2619 2044 2682 fides
2076 2620 2417 2684 movendae
2445 2620 2589 2698 sint,

375 2725 536 2787 hanc
579 2725 810 2787 incerta
871 2722 1222 2803 conjectura
1268 2728 1330 2783 et
1372 2741 1487 2786 usu
1545 2725 1977 2790 exercitatione
2034 2725 2292 2800 collecto
2347 2727 2591 2806 assequi

374 2831 600 2909 studet,
642 2831 787 2893 item
829 2823 1155 2905 medicina,
1204 2828 1588 2911 agricultura,
1635 2847 1735 2893 ars
1768 2830 2194 2914 gubernatoria
2228 2837 2290 2893 et
2319 2831 2590 2912 impera-

371 2939 547 3001 toria.
639 2936 806 3010 Quae
869 2948 1084 2995 omncs
1143 2938 1304 2997 artes
1365 2941 1621 2997 eatenus
1676 2942 1899 2999 tantum
1962 2937 2180 3018 aliquid
2238 2939 2369 3000 veri
2409 2938 2473 3000 in
2513 2954 2589 3000 se

372 3041 602 3106 habent
645 3039 1012 3119 nomineque
1071 3039 1213 3100 artis
1274 3039 1497 3123 dignae
1543 3050 1681 3105 sunt
1712 3047 1857 3121 ⁸²),
1904 3050 2198 3125 quatenus
2243 3042 2319 3105 ad
2363 3061 2586 3106 nume-

317 3140 322 3145 ’
373 3167 578 3211 rorum
625 3154 684 3210 et
726 3163 1162 3223 mensurarum,
1208 3146 1418 3232 quibus
1462 3165 1664 3210 rerum
1708 3147 1939 3211 formae
1984 3156 2366 3232 motuumque
2409 3150 2591 3233 leges

365 3254 781 3330 continentur,
830 3251 1239 3334 cognitionem
1287 3252 1643 3316 ascendunt.
1723 3255 2027 3342 Cei-tiores
2072 3237 2250 3340 igitur
2290 3263 2427 3320 sunt
2470 3274 2589 3318 eae

373 3365 536 3421 artes
581 3365 643 3421 et
685 3356 1060 3436 disciplinae,
1106 3373 1284 3434 quae,
1327 3357 1493 3419 velut
1525 3352 1962 3438 architectura,
1986 3362 2046 3422 in
2078 3361 2259 3425 rebus
2291 3370 2586 3443 aspecta-

368 3463 590 3528 bilibus
637 3463 877 3545 quidem
922 3461 1248 3523 tractandis
1291 3469 1632 3543 versantur,
1679 3464 1851 3529 simul
1897 3473 2092 3530 autem
2136 3467 2343 3540 hanun
2385 3469 2587 3533 stabi-

401 3677 497 3743 52)
538 3680 699 3743 Τέχνη
739 3682 795 3728 et
831 3674 1085 3744 ἐπιστήμη
1121 3691 1227 3725 non
1265 3682 1584 3742 separantur
1617 3693 1648 3728 a
1685 3679 1912 3730 Platone
1949 3679 2152 3748 (neque
2189 3697 2220 3732 a
2258 3683 2482 3734 Socrate
2505 3709 2583 3721 —-

501 3766 609 3821 vid.
646 3770 1028 3820 Herrmann
1064 3764 1260 3819 Gesch.
1300 3766 1350 3818 d.
1388 3766 1526 3819 Plat.
1565 3767 1766 3823 Philos.
1814 3770 1904 3825 lib.
1943 3772 2029 3822 111.
2069 3776 2179 3823 not.
2213 3773 2363 3836 264).
2427 3774 2583 3824 Una-

505 3873 751 3925 quaeque
802 3856 1026 3911 scientia
1072 3856 1128 3908 in
1170 3861 1284 3908 arte
1339 3862 1433 3908 ant
1493 3858 1788 3913 disserendi
1841 3866 1937 3912 aut
1982 3860 2184 3929 aliquid
2228 3862 2460 3915 faciendi
2514 3880 2580 3916 se

497 3947 830 4013 manifestat,
876 3956 931 3999 et
967 3963 1107 4014 qnae
1156 3963 1241 3997 ars
1279 3946 1506 3999 scientia
1542 3955 1717 4017 caret,
1763 3952 1909 4003 nulla
1949 3954 2047 4004 est.
2120 3951 2237 4006 vid.
2273 3951 2479 4006 Phileb.
2517 3970 2578 4021 p.

501 4040 569 4089 19
603 4040 669 4106 D,
715 4039 784 4091 55
821 4038 883 4092 E.
933 4039 1000 4091 57
1036 4038 1100 4087 E.
1146 4036 1214 4088 58
1250 4037 1310 4088 B.
1365 4039 1430 4089 ‹le
1476 4040 1757 4107 Rep.·vl1.
1808 4060 1858 4110 p.
1895 4042 1999 4093 533
2034 4041 2094 4106 B.
2147 4044 2313 4108 G’org.
2350 4036 2574 4111 122463.

437 4179 443 4184 .
499 4130 602 4183 465
639 4132 703 4182 A.
