2900 4759
367 199 448 264 is

524 374 669 436 Tam
709 371 827 435 hae
867 371 1040 434 in're
1082 389 1257 452 quam
1300 387 1414 451 eo,
1473 374 1639 455 qnod
1681 355 1885 435 curam
1943 389 2145 437 renim
2204 371 2571 453 publicarum

324 474 645 568 ‘despep‘t
680 480 969 562 vulgique
1012 478 1171 540 viam
1213 480 1440 559 vitavit,
1488 479 1692 544 similis
1737 479 2042 546 Hei-acmo
2068 483 2179 554 ³⁸)
2224 486 2320 543 est
2357 479 2572 544 Ana·-

358 603 723 669 xagoras,
778 586 880 665 qui
929 599 1055 645 non
1108 590 1335 648 tantum
1378 587 1659 650 eratione
1713 586 1827 649 sed
1868 585 2054 649 multo
2107 587 2301 670 magis
2342 587 2469 649 vita
2511 593 2573 650 et

356 691 531 758 factis
581 693 871 774 prodidit,
926 710 1219 755 summum
1275 692 1389 755 sibi
1440 691 1637 756 videri
1677 695 1904 757 bonum
1961 709 2107 758 esse
2151 693 2465 758 scientiam
2510 700 2572 758 et

360 817 559 861 rerum
607 798 938 862 divinarum
985 798 1571 878 contemplationem.
1622 776 1814 874 Q⁸uum
1858 784 2017 862 enim
2060 813 2171 879 per
2213 800 2363 862 satis
2408 806 2598 862 certa'

359 905 698 970 test‘bnonia
752 906 1004 968 traditus
1060 906 1140 968 sit
1166 907 1278 978 ⁸⁹)
1299 951 1318 984 ‚
1377 905 1678 989 negiectis
1723 912 1784 968 et
1823 906 1952 969 suis
1993 910 2057 967 et
2099 904 2350 985 pubficis
2385 905 2570 970 rebus

361 1013 757 1092 omnibusque
798 1010 1094 1088 humanis,
1139 1010 1325 1094 vulgo
1373 1013 1464 1075 sic
1513 1012 1713 1089 dictis,
1759 1011 1942 1076 bonis
1985 1018 2172 1085 totum
2204 1012 2462 1074 animum
2489 1011 2568 1102 ad
2627 1043 2637 1048 -

357 1135 461 1186 res
516 1118 750 1180 divinas
804 1124 865 1182 et
913 1117 1243 1180 coelestem
1299 1131 1501 1196 suam,
1557 1125 1622 1180 ut
1674 1117 1876 1197 ajebat
1904 1121 2051 1195 ¹⁰),
2108 1119 2356 1198 patriam
2410 1134 2568 1180 con-

356 1225 635 1302 vertisse,
671 1224 798 1305 jam
842 1222 986 1285 inde
1031 1224 1340 1303 conjicere
1380 1225 1594 1303 velim,
1642 1225 1693 1286 si
1736 1240 1860 1285 non
1914 1230 2122 1303 aperta
2165 1223 2468 1302 docuerit,
2509 1228 2573 1285 at

359 1331 571 1394 nahem
598 1330 896 1398 ,sensisse
949 1329 1411 1410 Anaxagoram,
1480 1336 1810 1392 extremum
1874 1329 2172 1396 bonorum
2225 1341 2569 1393 'summm-
2664 1350 2670 1362 ·

361 1455 480 1517 que
530 1436 712 1498 finem
767 1433 995 1496 homini
1047 1436 1420 1515 propositum
1481 1454 1557 1498 eo
1605 1436 1935 1512 contineri,
1995 1434 2159 1515 quod
2215 1436 2347 1515 quis
2401 1449 2569 1498 suam

358 1549 622 1605 mentem
664 1540 744 1602 ad
786 1540 1126 1620 exemplum
1169 1542 1346 1602 unius
1362 1583 1380 1618 ,
1426 1540 1710 1621 simplicis
1726 1549 1754 1620 ‚¹
1797 1557 2006 1622 purae,
2055 1557 2167 1622 per
2217 1541 2417 1603 omnia
2458 1558 2569 1602 re-

360 1648 622 1731 gnantis,
669 1647 743 1708 ab
789 1648 953 1710 omni
998 1652 1195 1710 autem
1241 1646 1638 1709 concretione
1679 1654 1741 1709 et
1782 1645 2108 1712 affectione
2130 1647 2358 1710 liberae
2388 1661 2569 1709 men-

361 1756 440 1817 tis
460 1752 842 1834 Xconformet.
936 1751 1106 1823 Quae
1161 1769 1339 1830 quum
1395 1769 1585 1816 mens·
1633 1770 1848 1820 omnes
1903 1749 2006 1817 res'
2052 1772 2132 1817 ex
2183 1753 2320 1820 rudi
2364 1760 2425 1815 et
2463 1755 2566 1815 in-

364 1860 600 1942 digesta
642 1858 807 1925 mole
848 1873 1186 1918 secernens
1231 1862 1293 1918 et
1334 1857 1626 1941 ordinans
1656 1859 1720 1920 in
1755 1845 1954 1924 certas
1985 1861 2298 1943 redegerit
2320 1857 2558 1936 formas,

361 1969 585 2046 itaque,
630 1983 787 2045 quae
820 1979 984 2024 nunc
1022 1962 1262 2030 demum
1301 1979 1370 2024 se
1407 1965 1878 2046 cognoscendas
1910 1966 2308 2047 praebebant,
2354 1980 2560 2027 omnes

312 2139 321 2150 ,
360 2073 492 2152 ipsa
534 2087 654 2133 una
699 2075 1037 2152 cognoscat
1065 2073 1212 2146 ⁴¹),
1259 2087 1432 2132 mens
1477 2069 1734 2133 humana
1779 2089 1903 2135 non
1947 2074 2063 2135 nisi
2113 2072 2564 2152 participatione

362 2177 463 2240 vel
523 2177 852 2242 imitatione
917 2178 1093 2260 hujus
1164 2176 1479 2239 absolutae
1545 2180 1762 2240 mentis
1828 2196 1962 2241 eam
2028 2180 2435 2261 cognitionem
2501 2183 2566 2238 et

360 2283 691 2345 libertatem
737 2284 1006 2345 nancisci
1050 2289 1282 2362 potest,
1339 2300 1457 2361 qua
1509 2290 1807 2363 tamquam
1859 2281 2129 2365 perfecta
2171 2284 2328 2346 illam
2371 2282 2565 2348 selam

363 2388 656 2471 gaudere,
703 2391 904 2451 omnia
949 2394 1169 2465 autem,
1215 2406 1369 2467 qnae
1414 2390 1551 2466 sint,
1598 2390 1889 2470 tendere,
1931 2391 2339 2473 Anaxagorae
2381 2388 2566 2451 vide-

364 2502 460 2556 tur
513 2494 703 2558 fuisse
768 2496 1069 2560 sententia
1102 2497 1236 2568 ⁴²).
1335 2492 1511 2555 Haud
1569 2496 1831 2576 ineptum
1886 2499 2064 2578 igitur
2128 2501 2223 2558 est
2276 2501 2368 2573 et,
2424 2494 2569 2556 licet

365 2600 439 2663 ab
492 2601 623 2679 ipso
683 2616 807 2662 non
862 2601 945 2661 ita
1011 2598 1172 2661 clare
1239 2602 1576 2679 expositum
1644 2602 1749 2679 sit,
1820 2609 2023 2665 tamen
2089 2619 2223 2666 cum
2282 2601 2567 2663 universa

367 2708 503 2790 ejus
547 2705 820 2772 doctrina
863 2707 1026 2772 bene
1068 2706 1486 2785 consentiens,
1533 2707 1696 2787 quod
1742 2708 1970 2776 dixisse
2009 2709 2260 2774 traditur
2283 2711 2417 2787 ⁴³),
2461 2705 2565 2770 ul—

398 2935 494 3005 38)
522 2935 610 2987 De
642 2935 918 2988 Heraclito
953 2934 1058 3006 vid.
1092 2933 1251 2999 Diog.
1286 2935 1353 2985 L.
1386 2935 1475 2985 lx.
1513 2935 1566 2986 2.
1604 2936 1654 2986 3.

398 3027 488 3094 39)
523 3028 663 3079 Plat.
707 3028 873 3094 Hipp.
908 3024 1037 3089 Mai.
1068 3015 1128 3092 ⁸p.
1165 3027 1270 3078 283
1303 3026 1366 3078 A.
1403 3024 1567 3076 Arist.
1617 3024 1742 3078 Eth.
1778 3026 1907 3079 Nic.
1943 3028 2032 3081 VI.
2068 3029 2121 3082 7.
2164 3028 2258 3081 fin.
2299 3026 2461 3092 Diog.
2498 3028 2565 3078 Π.

502 3119 555 3169 6.
592 3120 644 3185 7,
679 3117 773 3169 ubi
808 3119 962 3183 plura
987 3116 1170 3167 attulit
1203 3115 1581 3180 MenagiuS.

398 3206 493 3273 40)
527 3207 687 3271 Diog.
722 3208 787 3258 L.
824 3207 891 3257 ll.
926 3207 985 3259 7·
1032 3203 1167 3271 πρὸς
1192 3199 1285 3257 τὸν
1322 3200 1567 3267 εἰπόντα,
1624 3202 1789 3256 Οὐδέν
1826 3221 1909 3255 σοι
1954 3205 2099 3272 μέλει
2140 3209 2235 3272 τῆς
2277 3206 2530 3274 πατρίδος
2543 3227 2568 3265 ‚-

501 3289 765 3363 Εὖφήμει,
800 3298 923 3362 ἔφη,
959 3296 1078 3358 ἰμοὶ
1111 3293 1281 3364 γάρκ
1255 3295 1342 3344 aul
1377 3290 1585 3362 σφόδρα
1618 3297 1759 3361 μέλει
1781 3291 1886 3371 τῆς
1928 3297 2209 3396 πατρίδος,
2254 3297 2426 3355 δείξας
2471 3294 2569 3346 τὸν

504 3380 814 3454 υῧρανόν.

400 3474 497 3535 41)
535 3473 595 3524 V.
631 3471 849 3523 Aristot.
886 3470 953 3519 de
988 3469 1285 3523 Anim.111.
1323 3470 1376 3522 4.
1410 3469 1464 3536 ξ.
1500 3472 1551 3524 3.

402 3561 497 3626 42)
535 3560 647 3614 Cfr.
681 3559 926 3612 Breier
960 3559 1046 3611 die
1083 3559 1282 3613 Philus.
1321 3560 1416 3612 des
1451 3562 1696 3627 Anaxag.
1734 3580 1787 3630 p.
1824 3565 1910 3618 72.

399 3651 488 3717 43)
520 3651 836 3703 Aristoteles
879 3650 1012 3702 nihil
1053 3650 1187 3704 certi
1224 3651 1291 3701 de
1334 3647 1435 3704 hac
1480 3669 1538 3704 re
1588 3653 1833 3706 affirmat.
1903 3659 2150 3722 ἔοικεν,
2197 3658 2376 3726 inquit
2414 3656 2564 3725 (Eth.

500 3742 620 3795 Nic.
655 3743 722 3795 X.
757 3742 867 3804 9.),
897 3737 1246 3811 Ἀναξαγόρας
1293 3736 1358 3794 οὗ
1395 3742 1651 3795 πλούσιον
1687 3738 1807 3797 οὐδὲ
1845 3746 2107 3812 δυνάστην
2150 3740 2430 3816 ὑπολαβεῖν
2463 3745 2563 3799 τὸν

497 3828 812 3902 εὖδαίμονα,
862 3831 1019 3882 εἰπὼν
1054 3825 1141 3883 ὅτι
1190 3826 1285 3884 οὐκ
1322 3830 1389 3883 «ἲν
1435 3833 1761 3901 θαυμάσειεν
1794 3837 1843 3884 εἴ
1874 3853 1954 3892 τις
1990 3835 2185 3894 ἄτοπος
2220 3840 2406 3905 φανείη
2446 3845 2561 3897 τοῖς

496 3925 727 3979 πολλοῖς.
802 3921 934 3971 ltem
981 3920 1103 3972 Eth.
1152 3922 1377 3974 Eadem.
1413 3923 1454 3975 Ι.
1490 3924 1556 3977 42,
1598 3928 1757 3998 lame
1801 3916 1933 3990 ᾤετο
1974 3927 2081 3978 κτλ.
2129 3926 2380 3979 Ciemens
2430 3944 2558 3980 vero

496 4014 711 4078 (Strom.
748 4011 814 4061 n.
852 4027 902 4076 p.
940 4010 1092 4072 416.)
1141 4010 1310 4075 magis
1357 4011 1575 4065 definite
1609 4015 1687 4066 sic
1722 4013 1989 4081 loquitur:
2026 4008 2391 4084 Ἀναξαγόραν
2430 4016 2557 4083 τὴν

487 4102 789 4169 θεωρίαν
824 4096 990 4168 φάναι
1016 4102 1111 4151 τοῦ
1139 4102 1266 4165 βίου
1295 4103 1439 4159 τέλος
1471 4103 1603 4157 εἶναι
1636 4106 1741 4155 καὶ
1776 4099 1896 4169 τὴν
1931 4100 2053 4155 ἀπὸ
2091 4104 2332 4172 ταῦτης
2367 4108 2560 4159 ἔλευ-
