2900 4759
366 217 453 282 60

365 391 503 469 bus,
548 387 893 470 aspectibus
916 395 1235 469 perceptas
1268 405 1388 466 nec
1423 403 1570 453 esse
1599 388 1978 471 repletiones
2013 378 2576 473 (ἅναπληρῶσειζ)

362 513 487 559 nec
544 513 625 559 ex
676 494 895 557 talibus
942 494 1113 556 oriri.
1203 493 1326 558 Sed
1381 497 1620 557 mmetsi
1670 494 2025 576 repletionis
2039 509 2056 522 ··
2082 494 2250 560 notio
2301 494 2575 575 proxime

365 603 529 676 cadit
560 605 630 666 ‘in
674 600 948 680 corporis
1005 598 1374 682 voluptates,
1438 602 1605 665 Plato
1661 619 1796 664 eam
1851 613 2038 665 sensu
2078 603 2254 665 latius
2307 606 2573 682 patente,
2653 597 2662 613 ¹

364 711 534 792 cujus
578 705 974 785 Aristoteles,
1016 713 1083 769 ut
1126 708 1305 787 solet,
1348 708 1538 771 verba
1584 708 1662 772 ad
1705 709 1903 771 vivum
1948 725 2240 773 resecans
2273 701 2384 771 'illo
2427 707 2570 770 loco

361 818 654 881 rationem
698 829 822 876 non
866 811 1078 891 habet,
1122 813 1201 876 ad
1248 830 1422 878 veras
1469 815 1658 879 solius
1701 816 1883 878 animi
1922 815 2261 897 voluptates
2301 820 2572 896 transtu—

359 923 442 986 lit.
488 922 646 984 Dicit
688 920 849 983 enim
892 918 1002 982 has
1048 938 1141 982 ex2
1169 919 1448 984 omnibus
1491 921 1863 1001 redundare,
1910 941 2068 1004 quae
2108 922 2375 986 suaviter
2416 937 2570 984 sen·-

359 1045 490 1092 smu
540 1032 863 1089 moventes
914 1026 1285 1106 repleticnes
1329 1020 1738 1111 (πληριὸσεις
1781 1063 1862 1074 -
1909 1046 1967 1109 p.
2014 1026 2090 1090 51
2151 1028 2247 1104 Β)
2297 1026 2570 1106 afferant,

357 1135 740 1215 loquiturque
785 1131 865 1195 de
907 1133 1003 1212 iis,
1049 1134 1149 1213 qui
1190 1134 1463 1198 scientiis
1493 1132 1710 1214 repleti
1741 1134 1864 1196 sint
1903 1125 2378 1216 (μαθημάτων
2405 1128 2571 1208 πλη·-

358 1238 685 1325 ρωθεῖσιν
724 1273 811 1288 —-·
851 1256 910 1319 p.
948 1239 1032 1302 52
1065 1239 1182 1319 A),
1226 1242 1308 1302 ita
1348 1244 1415 1301 ut
1458 1240 1729 1302 sensisse
1772 1239 2068 1319 videatur,
2115 1241 2334 1304 animi
2377 1257 2566 1320 qua-

358 1347 520 1412 dam
568 1345 1005 1427 repletione
1058 1345 1557 1426 eas.voluptates
1601 1346 1931 1425 contineri,
1963 1366 2228 1431 ¹‹niae-e
2269 1344 2567 1409 &scendo

356 1453 741 1535 pddm’sque
779 1452 966 1516 rebus
1007 1452 1412 1533 percipiendis
1464 1452 1831 1515 exoriantur.
1917 1452 2264 1516 Glariss‘me
2303 1452 2424 1516 boc
2463 1458 2568 1544 te-

357 1566 546 1623 statur
596 1558 750 1623 liber
800 1558 899 1621 lX.
968 1558 1046 1622 de
1097 1558 1247 1639 Rep.
1311 1564 1412 1640 (p.
1472 1557 1677 1637 585),
1733 1557 1837 1621 ubi
1889 1557 2044 1622 haec
2097 1559 2565 1641 interrogantur.

353 1664 574 1729 Nonne
616 1662 811 1727 fames
854 1671 916 1726 et
958 1666 1089 1728 sitis
1132 1670 1196 1727 ct
1234 1664 1448 1727 similia
1489 1671 1628 1728 sunt
1672 1665 2000 1740 vacmstates
2046 1663 2346 1745 quaedam
2385 1663 2565 1727 habi-

354 1778 453 1844 tus
494 1771 819 1851 corporis?
864 1770 1186 1838 inscientia
1232 1776 1430 1833 autem
1476 1777 1537 1835 et
1582 1770 1907 1850 dementia,
1951 1784 2160 1834 nonne
2201 1770 2355 1834 haec
2398 1788 2561 1851 quo-

354 1891 476 1958 pe
514 1876 783 1939 vacuitas
826 1878 1007 1940 estin
1039 1876 1220 1940 animi
1247 1875 1454 1941 habitu
1491 1893 1851 1958 comparens
1866 1877 1901 1939 ’ἲ
1947 1876 2356 1957 Expleatume
2389 1877 2569 1960 igitur
2605 1923 2610 1928 ,

352 1990 507 2061 tm,
559 1983 613 2046 si
634 1987 640 1992 '
665 1982 798 2063 quis
850 1983 1049 2047 cibum
1100 1989 1385 2064 potumve
1439 1989 1737 2061 assumat,
1796 1999 1974 2063 quam
2016 1983 2069 2045 si
2114 1982 2566 2068 intcffigentiam

353 2090 787 2155 nanciscatur?
846 2087 1083 2165 Quibus
1134 2090 1456 2153 concessis
1475 2091 1480 2098 ’
1499 2088 1779 2170 efficitur,
1839 2108 2017 2170 quum
2058 2090 2267 2154 verior
2306 2089 2563 2171 repletio

353 2198 464 2277 sit,
508 2215 667 2277 quae
706 2196 894 2261 rebus
934 2197 1139 2260 verius
1182 2196 1524 2262 extantibus
1569 2196 1702 2277 flat,
1748 2198 2006 2264 animum
2046 2198 2153 2277 ἰίε,
2208 2195 2368 2278 quae
2415 2215 2565 2260 vere

353 2305 505 2381 sint,
559 2302 790 2384 pulchri
829 2320 1048 2384 nempe
1086 2308 1151 2366 et
1188 2302 1359 2370 honi·
1392 2299 1860 2386 cogitationibus
1900 2321 2044 2368 esse
2083 2304 2145 2367 ei
2187 2302 2561 2385 replendam,

353 2410 455 2493 qui
495 2427 685 2473 verae
725 2427 1033 2490 puraeque
1072 2408 1394 2490 voluptatis
1437 2409 1585 2474 velit
1626 2410 1755 2474 fieri
1798 2411 2118 2492 particeps,

522 2513 701 2588 Quod
743 2532 893 2579 vero
940 2532 1073 2577 cum
1108 2513 1378 2597 Jucunda
1425 2518 1701 2597 corporis
1744 2516 2086 2598 repletione
2126 2516 2563 2580 restitutionem

351 2621 705 2684 harmoniae
756 2619 1042 2684 naturalis
1098 2621 1483 2704 conjunctam
1538 2640 1680 2687 esse
1723 2622 1892 2688 Plato
1925 2624 2188 2703 docuit,
2248 2622 2391 2686 inde
2436 2624 2562 2707 jam

354 2729 666 2810 conjicere
710 2725 888 2808 licet,
944 2747 1022 2790 ex
1066 2726 1340 2811 ejusdem
1397 2730 1699 2794 sententia
1744 2737 1806 2793 et
1847 2729 2038 2811 ipsum
2092 2731 2399 2795 animum
2450 2746 2560 2793 re·-

351 2836 621 2918 pletione
666 2834 739 2896 in
791 2833 1250 2897 harmoniam
1305 2836 1677 2916 quandam
1732 2838 2091 2919 componi.
2178 2837 2274 2901 Ac
2315 2854 2559 2919 reapse,

277 2989 281 2998 .
352 2944 632 3020 anitnum,
678 2940 780 3021 (nli
823 2940 902 3004 ad
946 2959 1045 3021 ea,
1088 2959 1249 3022 quae
1289 2959 1439 3007 vere
1472 2942 1720 3024 pulchra
1751 2945 1889 3023 sint,
1935 2944 2068 3008 sive
2111 2943 2398 3008 sensibus
2433 2946 2564 3007 sive

350 3056 555 3114 mente
589 3048 1004 3128 concipiantur
1033 3050 1169 3127 ⁸⁹),
1214 3065 1357 3112 sese
1394 3049 1671 3130 applicet,
1715 3052 1775 3113 in
1801 3050 2210 3114 hannonicum
2241 3050 2563 3131 propriae-

352 3175 471 3239 que
512 3161 765 3219 naturae
808 3143 1273 3218 convenientem
1318 3162 1536 3218 statum
1578 3157 1845 3235 restitui,
1901 3175 1936 3218 a
1981 3156 2244 3220 Platonis
2291 3156 2562 3220 doctrina

349 3263 591 3326 minime
635 3259 937 3324 abhorret.
1023 3261 1200 3334 Quod
1247 3266 1495 3340 apparet
1541 3277 1577 3323 e
1621 3261 1879 3340 ratione,
1926 3278 2043 3341 qua
2085 3270 2150 3326 ut
2194 3281 2291 3327 ars
2336 3264 2563 3328 musica

351 3370 429 3433 ad
472 3385 794 3450 puerorum
839 3367 1269 3431 institutionem
1315 3364 1669 3428 adhibeatur
1712 3367 1773 3429 in
1816 3366 1985 3431 libris
2032 3367 2110 3431 de
2143 3370 2470 3452 Republica
2501 3376 2564 3432 et

358 3477 437 3542 de
480 3474 745 3558 Legibus
790 3472 1064 3538 studiose
1120 3471 1334 3534 suasit:
1382 3472 1516 3552 ejus
1560 3472 1720 3534 enim
1765 3491 1916 3555 ope,
1969 3475 2052 3537 ait
2103 3476 2230 3551 (de
2272 3478 2422 3559 Rep.
2465 3476 2561 3539 Ill.

348 3602 408 3665 p.
450 3579 571 3644 401
621 3581 710 3656 D)
765 3595 1076 3642 numerum
1121 3582 1184 3639 ct
1234 3575 1605 3640 harmoniam
1653 3579 1781 3661 jam
1834 3580 1896 3641 in
1953 3598 2274 3660 puerorum
2328 3562 2562 3646 animos

350 3689 520 3770 quasi
563 3683 833 3761 infundi,
891 3688 1069 3762 atque
1112 3683 1173 3745 in
1217 3681 1323 3760 iis,
1381 3681 1535 3744 sicut
1577 3685 1873 3765 gymnicis
1925 3688 2459 3752 exercitationibus
2496 3688 2561 3750 in

349 3792 728 3874 corporihuS,
774 3794 838 3851 ut
881 3788 1155 3871 singulae
1210 3806 1487 3870 quaeque
1527 3796 1730 3873 partes
1777 3797 1840 3854 et
1879 3790 2194 3857 facultates
2229 3798 2395 3880 justo
2440 3798 2559 3860 im·-

268 4049 275 4060 ’
381 4029 470 4094 39)
506 4027 631 4080 Non
678 4027 879 4092 solum,
930 4041 1071 4094 quae
1104 4028 1203 4080 sub
1240 4046 1430 4083 sensus
1467 4031 1695 4098 cadunt,
1740 4032 1838 4084 scd
1868 4030 2057 4099 etiam,
2091 4051 2231 4102 quae
2265 4034 2564 4103 discuntur,

487 4117 712 4186 pulchra
744 4117 1105 4209 appellantur.
1185 4120 1247 4176 V.
1285 4121 1455 4186 Gorg.
1492 4138 1548 4190 p.
1585 4122 1694 4180 475
1722 4124 1789 4178 A.
1826 4123 2006 4191 Symp.
2045 4141 2100 4194 p.
2134 4128 2243 4182 210
2277 4127 2343 4179 C.
