2900 4759
358 178 462 244 π
531 195 542 204 ,

366 350 708 436 garicornm
760 341 959 425 potins
1014 357 1191 421 quam
1235 336 1516 413 Socratis
1569 354 1706 400 eam
1749 353 1894 402 esse
1932 338 2261 419 putaverit,
2315 341 2380 398 et
2421 334 2569 401 'illos

366 456 626 519 maxime
669 447 1034 531 spectaverit
1077 447 1138 507 in
1184 443 1401 507 eadem
1445 443 1813 527 corrigenda
1853 443 1954 507 vel
1993 441 2315 508 refutanda
2343 445 2516 517 ¹⁰¹).

446 607 453 620 .
488 561 505 574 ⁸
543 561 713 635 Quae
757 555 957 620 omnia
999 554 1053 617 si
1094 551 1482 632 probabiliter
1521 548 1947 630 disputavimus
1962 597 1982 629 ,
2027 556 2293 631 apparet,
2339 548 2572 614 Socra-

362 647 624 734 ticorum
667 662 880 730 studiis
906 660 1260 746 ‚doctrinam
1305 656 1384 720 de
1428 674 1662 720 summo
1693 656 1859 720 hono
1903 674 2021 736 qua
2051 639 2399 736 provectam
2431 672 2576 720 esse

280 803 289 824 κ
375 794 495 857 qua
534 792 573 835 a
613 770 869 833 veritato
910 773 1123 832 sancto
1170 764 1437 830 Socratis
1482 762 1679 862 animo
1717 763 1843 844 jam
1869 763 2207 850 fobversata
2239 763 2317 826 ad
2360 778 2579 843 pravas

355 880 695 961 ‚opiniones
738 872 1061 952 relapsam.
1144 870 1336 932 Recte
1381 866 1692 949 fecerunt,
1737 867 1939 952 quod,
1982 870 2125 950 quid
2169 870 2247 932 sit
2289 885 2579 932 summurn

375 988 624 1061 honum,
671 980 892 1046 certius
938 995 1114 1058 quam
1159 994 1193 1038 a
1238 975 1529 1055 magistro
1576 972 1796 1038 factum
1840 983 1992 1054 erat,
2037 975 2392 1039 studuerunt
2422 991 2584 1036 con-

376 1094 652 1158 stituere:
712 1085 824 1150 sed
867 1086 928 1146 in
976 1102 1053 1146 eo
1105 1079 1451 1144 definiendo
1470 1126 1488 1157 ,
1544 1098 1722 1159 quum
1764 1082 2176 1161 unusquisque
2218 1099 2428 1145 eorum
2470 1098 2585 1144 suo

377 1199 517 1262 loeo
565 1201 628 1257 et
668 1199 943 1256 veterum
994 1188 1488 1269 philosophorum
1529 1193 1591 1249 et
1633 1186 2029 1266 sophistarum
2059 1190 2214 1261 ¹⁰²)
2257 1187 2587 1250 sententias

380 1297 834 1387 quodammodo
879 1295 1263 1377 repetiverit,
1319 1292 1591 1376 singulas
1642 1299 1872 1356 tannim
1922 1299 2124 1373 partes
2180 1295 2392 1360 summi
2440 1293 2586 1358 boni

357 1405 932 1493 ,apprehenderunt
1022 1401 1153 1474 Qua
1207 1400 1443 1464 ratione
1486 1398 1550 1461 id
1596 1398 1873 1461 effectum
1919 1406 2048 1478 est,
2088 1406 2153 1462 ut
2191 1401 2252 1464 si
2293 1400 2423 1479 quis
2462 1405 2590 1462 tres

384 1519 521 1582 illas
561 1512 884 1595 opiniones
944 1505 1269 1589 diligenter
1309 1506 1718 1587 perspiceret,
1775 1511 1838 1565 et
1878 1505 2034 1566 inter
2077 1523 2147 1568 se
2179 1510 2594 1590 compararet,

522 1766 581 1820 in
613 1765 804 1818 Museo
838 1761 1086 1830 antiquit.
1123 1764 1167 1814 1.
1200 1763 1382 1830 p.319
1416 1765 1602 1827 negat,
1636 1759 1741 1829 ipsi
1763 1759 1983 1813 Lae'rtio
2017 1759 2136 1828 (vl.
2155 1763 2249 1827 19)
2285 1766 2342 1814 et
2370 1763 2590 1816 Bran-

531 1853 711 1910 disio
745 1851 962 1919 (Gescli.
1000 1852 1055 1903 d.
1087 1851 1292 1905 Philos.
1318 1854 1361 1904 1.
1381 1869 1437 1920 p.
1459 1852 1586 1919 153)
1622 1851 1998 1912 concedamus,
2037 1855 2214 1905 tamen
2252 1857 2451 1906 certum
2486 1856 2590 1916 est,

533 1963 568 1998 a
603 1943 816 2010 Cynicis
862 1947 1008 1994 ortos
1044 1941 1259 1994 Stoicos
1302 1941 1647 1996 multifariam
1683 1942 2005 1995 Heracliteis
2045 1943 2256 2009 placitis
2299 1960 2424 1998 usos
2456 1958 2596 2007 esse,

535 2041 592 2088 et
635 2050 734 2100 nos
778 2032 943 2084 etiam
989 2031 1248 2084 habemus
1303 2031 1607 2099 fragmenta
1649 2033 1989 2094 Heraclitea,
2045 2048 2185 2099 quae
2234 2050 2354 2087 cum
2400 2031 2600 2099 Cynica

454 2169 461 2178 .
531 2125 777 2180 doctrina
824 2124 958 2180 mire
1003 2122 1321 2189 concinunt,
1370 2126 1519 2175 velut
1554 2139 1644 2190 ap.
1678 2124 1829 2175 Stob.
1866 2123 2014 2176 Flor.
2050 2126 2140 2176 IV.
2173 2143 2225 2193 p.
2262 2125 2365 2177 48:
2394 2130 2602 2190 tempe-

536 2213 764 2269 rantiam
801 2230 919 2266 esse
954 2214 1237 2266 maximam
1271 2214 1546 2275 virtutem,
1586 2212 1660 2265 ib.
1681 2214 1745 2265 vt
1775 2230 1831 2280 p.
1867 2215 1965 2268 74:
1995 2214 2191 2267 siccam
2224 2215 2448 2268 animam
2479 2230 2603 2265 esse

536 2304 982 2375 sapientissimam
1020 2310 1075 2356 et
1110 2305 1382 2372 optimam.
1449 2306 1638 2372 ltaque
1675 2320 1837 2372 quum
1872 2304 2039 2372 ratio,
2087 2321 2226 2373 quae
2273 2305 2414 2359 inter
2447 2303 2603 2357 Ari-

539 2396 839 2466 stippnm
876 2394 1424 2468 etDemocritum
1458 2395 1775 2460 intercedat,
1812 2399 2154 2452 ante‘oculos
2183 2397 2360 2465 posita
2381 2396 2470 2462 sit,
2504 2395 2606 2449 ho-

542 2505 660 2541 rum
699 2486 1094 2542 Socraticorum
1131 2475 1403 2540 doctrinas
1434 2486 1516 2538 illi
1550 2490 1660 2538 tres
1696 2484 1814 2551 viri,
1848 2503 1979 2554 quos
2012 2502 2177 2555 supra
2209 2487 2607 2554 conjunximus,

543 2577 936 2648 quodammodo
970 2576 1362 2645 praeformasse
1396 2576 1663 2629 videntur.

372 2725 379 2732 ·
408 2689 535 2757 rol)
565 2689 712 2741 Idem
747 2687 913 2739 sentit
946 2687 1462 2740 Stallbaumius
1498 2686 1556 2740 in
1593 2689 1844 2754 Prolegg.
1878 2688 1935 2740 in
1970 2688 2177 2743 Pliileb.
2211 2708 2267 2759 p.
2291 2692 2362 2744 24
2377 2707 2453 2759 sq.
2492 2689 2610 2757 (ed.

547 2795 601 2833 a.
637 2778 830 2844 1842),
865 2778 958 2845 qui
991 2778 1168 2830 verbis
1203 2793 1418 2845 quoque
1450 2778 1591 2830 Plat.
1628 2778 1696 2830 de
1729 2781 1866 2847 Rep.
1903 2782 1991 2832 Vl.
2024 2787 2077 2848 p‘.
2114 2782 2222 2834 505
2252 2784 2324 2834 Βτ
2355 2788 2467 2842 τοῖς
2508 2785 2612 2850 μὶν

544 2864 962 2934 noli-oteheim&
1002 2869 1146 2921 δοκεῖ
1179 2869 1313 2919 εἶναι
1345 2861 1408 2918 τὸ
1446 2861 1688 2936 sinodos,
1722 2875 1834 2927 τοῖς
1872 2870 1929 2922 δὲ
1967 2866 2324 2942 κομψοτέροις
2356 2867 2614 2942 pedun-

547 2977 579 3012 σ
595 2979 617 3011 ι
634 2977 658 3016 ς
676 2985 748 2998 -—
765 2956 1067 3024 Megaricos
1089 2956 1279 3009 ,notari
1302 2955 1591 3010 existimat.
1617 2981 1686 2996 =-
1724 2961 1965 3014 Quorum
1988 2962 2247 3014 rationem
2276 2962 2611 3015 dialecticam

548 3066 672 3105 cum
711 3047 964 3116 opinione
1000 3050 1067 3101 de
1102 3045 1400 3116 sapientiae
1444 3048 1776 3115 praestantia
1809 3056 1935 3119 apte
1974 3050 2289 3120 cohaerere,
2326 3069 2488 3122 quum
2524 3053 2612 3105 in-·

550 3140 820 3208 telligeret
853 3140 1031 3204 Plato,
1064 3138 1201 3189 hanc
1236 3154 1450 3205 quoque
1489 3139 1558 3189 ob
1596 3155 1810 3191 causam
1841 3140 1898 3192 in
1928 3139 2087 3194 initio
2121 3143 2331 3199 Philebi
2364 3145 2509 3200 illam
2541 3144 2614 3195 de

547 3247 678 3297 uno,
714 3230 860 3298 quod
883 3229 1023 3281 idem
1051 3234 1195 3280 esset
1221 3230 1404 3295 multa,
1441 3227 1857 3298 disputationem
1887 3231 2186 3284 instituisse
2219 3233 2348 3287 mihi
2386 3236 2614 3287 videtur.

414 3342 547 3408 102)
580 3339 768 3396 Multis
799 3339 862 3392 in
895 3341 1056 3391 rebus
1087 3337 1412 3408 Aristippum
1449 3358 1572 3394 cum
1598 3344 1914 3406 Protagora,
1945 3342 2316 3400 Antisthenen
2351 3362 2471 3400 cum
2498 3347 2616 3398 Eu·-

555 3432 804 3500 thydemo
842 3429 1192 3495 consensisse,
1228 3429 1315 3482 hic
1351 3445 1620 3498 exponere
1656 3430 1876 3496 longum
1908 3437 2010 3484 est.
2044 3435 2298 3490 Euclides
2334 3453 2368 3492 a
2394 3439 2617 3489 Zenone

554 3525 768 3589 Eleata,
805 3519 899 3589 qui
936 3536 1042 3572 non
1078 3522 1237 3587 longe
1275 3520 1460 3572 differt
1482 3535 1516 3570 a
1550 3519 1834 3587 sophistis,
1865 3526 2033 3576 multa
2066 3533 2320 3595 repetens
2353 3543 2480 3594 prae
2518 3542 2614 3579 ce-

557 3614 686 3668 teris
719 3605 1008 3667 Socraticis
1037 3611 1269 3663 maxime
1305 3610 1484 3662 affinis
1504 3614 1587 3661 est
1613 3625 1720 3664 non
1752 3614 1945 3680 solum,
1980 3619 2042 3666 ut
2076 3616 2206 3682 dixi,
2241 3619 2619 3683 Anaxagorae,

556 3723 742 3761 verum
780 3703 942 3757 etiam
981 3701 1226 3767 Platoni,
1272 3700 1428 3766 cujus
1465 3701 1533 3751 de
1567 3699 1703 3753 ideis
1739 3708 1795 3756 et
1830 3704 1896 3754 de
1932 3705 2073 3757 bono
2113 3709 2436 3762 sententiam
2466 3710 2620 3760 Ana-

555 3811 824 3862 xagoreae
858 3793 1226 3861 philosophiae
1270 3796 1555 3857 cognatam
1596 3808 1742 3859 esse,
1786 3793 2100 3850 Aristoteles
2140 3797 2320 3852 innuit
2351 3804 2410 3851 et
2442 3815 2620 3866 nuper

552 3883 876 3937 Breierus
914 3882 1129 3934 uberius
1178 3882 1576 3938 demonstravit.
1651 3884 1815 3936 Tales
1860 3887 2281 3952 comparationes
2329 3889 2618 3941 admodum

555 3973 718 4026 utiles
752 3988 869 4024 esse
905 3971 1158 4036 arbitror,
1206 3971 1307 4024 nisi
1358 3971 1797 4026 similitudinibus
1845 3975 2103 4041 quaesitis
2154 3978 2620 4032 dissimilitudines

553 4061 913 4129 negligantur.
944 4081 1017 4099 ε-
