2900 4759
418 205 540 281 136

409 390 630 471 quippe
670 407 828 471 quae
868 389 1024 454 nihil
1051 388 1301 471 amplius
1348 407 1492 455 esse
1533 394 1746 473 possit,
1789 411 1964 474 quam
1997 373 2316 477 generatio
2347 392 2604 475 perfecti

410 503 600 561 status
657 503 827 560 extra
880 515 1013 560 eam
1071 498 1271 576 positi.
1358 497 1720 564 Aristoteles
1783 506 1993 564 eontra
2044 502 2170 583 Jam
2222 502 2284 563 in
2325 500 2442 563 hac
2481 502 2603 563 vita

407 615 526 668 nos
568 603 751 668 finem¹
785 603 1232 686 quodammodo
1263 618 1448 686 posse
1484 607 1727 687 assequi
1769 607 1973 686 docet,
2019 608 2156 687 quia
2190 608 2445 671 beatitas
2473 624 2604 670 non·

360 713 467 775 *in
510 717 668 775 statu
712 712 974 792 quodam
1012 699 1125 776 sed
1170 712 1232 774 in
1275 714 1632 793 operatione
1666 713 1812 777 boni
1843 714 2077 777 habitus
2120 720 2402 777 cernatur
2430 718 2599 790 ¹⁷⁸).

405 818 829 900 Unusquisque
869 821 1061 904 igitur
1093 809 1346 882 eatenus
1378 819 1506 901 jam
1548 820 1747 884 bonus
1794 822 1887 883 est
1928 827 1991 884 et
2028 821 2264 901 beatuS,
2309 826 2602 901 quatenus

401 928 463 988 in
506 926 669 989 bona
712 928 1070 1006 operatione
1110 930 1406 989 versatur.
1463 926 1698 1007 Optima
1741 934 1936 990 autem
1982 929 2252 1011 operatio
2300 933 2395 990 est
2435 930 2600 1008 opti-

316 1071 325 1082 ι
397 1049 535 1096 mae
596 1031 856 1096 hominis
915 1033 1123 1114 partis.
1221 1031 1429 1112 ltaque
1491 1035 1759 1115 quisquis
1821 1040 2025 1096 mente
2080 1040 2393 1114 operatur,
2455 1035 2597 1097 dum
2641 1017 2644 1020 “

396 1148 705 1221 operatur,
746 1139 1127 1203 beatissimus
1171 1144 1283 1202 est.
1369 1137 1507 1202 Non
1550 1140 1691 1203 licet
1731 1140 1970 1220 quidem
2014 1124 2214 1221 n'obis,
2259 1143 2412 1206 sicut
2454 1141 2598 1221 deo,

395 1261 638 1327 semper
681 1231 798 1309 hac
841 1246 1194 1328 operatione
1237 1244 1533 1327 gaudere,
1573 1248 1638 1308 in
1672 1245 1922 1329 singulis
1955 1264 2106 1310 vero
2135 1249 2420 1329 temporis
2454 1266 2596 1311 mo·-

281 1383 294 1393 „,
392 1354 612 1417 mentis
651 1354 781 1435 jam
822 1354 886 1415 in
927 1351 1045 1416 hac
1087 1355 1206 1416 vita
1257 1355 1577 1435 participes
1639 1370 1844 1417 sumus
1901 1353 2214 1416 absolutae
2262 1353 2594 1417 beatitatisz
2635 1355 2640 1362 “

394 1477 571 1540 quam
617 1460 929 1553 quisquam
973 1479 1008 1523 a
1049 1460 1426 1542 philosophia
1480 1460 1711 1524 alienus
1755 1459 2019 1540 ideoque
2062 1462 2322 1541 optimae
2365 1477 2593 1541 opera—

389 1557 572 1630 tionis
617 1581 743 1628 non
797 1581 1049 1647 compos
1101 1565 1559 1648 haudquaquam
1613 1566 1971 1649 contingere
2018 1573 2250 1647 potest,
2304 1565 2467 1629 unde
2509 1566 2592 1646 fit,

387 1677 455 1733 ut
496 1672 681 1750 servi,
727 1671 865 1750 quia
906 1672 1322 1754 philosophiae
1365 1689 1493 1735 non
1535 1663 1785 1752 vacant,
1831 1689 2032 1752 neque
2076 1671 2159 1733 ad‘
2195 1672 2355 1735 illam
2398 1672 2591 1736 abso-

386 1776 570 1840 lutam
609 1777 923 1840 scientiam
955 1786 1017 1841 et
1050 1777 1617 1859 contemplationem
1651 1779 1971 1858 pervenire
2011 1784 2285 1858 possunt,
2329 1795 2588 1859 unquam

385 1883 663 1967 perfecte
702 1882 865 1947 beati
910 1900 1053 1948 esse
1095 1894 1420 1967 nequeant.
1464 1921 1545 1932 --
1591 1886 1762 1960 Quae
1802 1886 2003 1948 omnia
2046 1901 2287 1947 omnem
2331 1892 2584 1948 aetatem

387 1997 450 2055 et
501 1983 867 2054 'Aristoteles
899 1996 921 2032 ¹
940 1996 964 2030 ⁷
983 1994 1050 2067 ⁹)
1095 1999 1156 2054 et
1207 1992 1374 2056 Plato
1427 2010 1579 2054 vere
1637 1991 2023 2069 docuissent,
2076 1991 2195 2053 nisi
2250 1991 2366 2054 alia
2409 1993 2587 2055 etiam

385 2103 559 2162 esset
596 2097 851 2161 scientia
892 2097 1041 2160 boni
1092 2105 1336 2180 praeter
1376 2098 1572 2178 illam,
1610 2113 1786 2178 quam
1828 2096 2308 2178 philosophando
2354 2116 2586 2162 conse-

384 2206 635 2287 quimur.
722 2202 926 2284 Atque
968 2203 1126 2267 hanc
1180 2205 1493 2268 scientiam
1538 2204 1791 2267 absoluti
1834 2206 2096 2268 omnium
2139 2219 2339 2266 rerum
2383 2206 2583 2266 vitae-

382 2329 502 2393 que
535 2309 835 2373 humanae
864 2308 998 2373 finis
1028 2312 1263 2392 aperuit
1296 2309 1669 2389 Christus,
1716 2316 1968 2374 eatenus
2003 2311 2255 2390 scilicet,
2290 2316 2581 2390 quatenus

381 2420 460 2482 ad
514 2415 679 2490 bene
733 2416 1037 2498 beateque
1099 2416 1425 2480 vivendum
1485 2417 1837 2480 necessaria
1894 2422 2007 2480 est.
2102 2415 2450 2497 Appellatur
2503 2433 2582 2479 ea

380 2525 621 2607 quidem
678 2521 916 2603 fides,
980 2524 1094 2589 sed
1146 2523 1335 2606 longe
1389 2517 1592 2585 differt
1634 2522 1708 2585 ab
1751 2522 1852 2585 illa
1897 2523 2273 2604 opinatione,
2332 2540 2451 2603 qua
2493 2521 2580 2602 id,

379 2630 543 2713 quod
596 2643 723 2691 non
779 2637 949 2693 certo
1005 2631 1296 2707 sciamus,
1358 2621 1437 2690 cr
1455 2628 1688 2691 edere
1742 2629 2092 2709 plerumque
2149 2630 2414 2692 dicimur.
2510 2630 2580 2692 In

375 2733 667 2819 religiosa
722 2733 844 2798 fide
889 2734 1033 2797 nihil
1086 2736 1249 2797 inest
1288 2735 1538 2813 incerti,
1597 2734 1743 2798 nihil
1788 2735 1979 2813 dubii,
2033 2736 2144 2798 sed
2191 2742 2284 2799 est
2326 2753 2399 2797 ea
2440 2735 2579 2798 talis
2699 2762 2710 2779 1

376 2842 663 2920 scientia,
722 2839 912 2919 qualis
955 2846 1142 2903 totum
1188 2843 1448 2904 animum
1490 2840 1696 2921 implet
1737 2857 2071 2921 omnesque
2114 2843 2380 2904 actiones
2425 2858 2573 2903 cer-

374 2952 602 3017 tissima
653 2948 894 3010 ratione
946 2946 1315 3012 moderatur.
1411 2946 1691 3011 Obnoxia
1754 2946 1996 3026 quidem
2051 2954 2146 3010 est
2195 2946 2568 3026 dubitationi,

372 3069 573 3139 neque
616 3070 687 3118 se
728 3051 861 3133 ipsa
905 3051 1037 3117 sola
1081 3059 1287 3134 potest
1329 3053 1403 3115 ab
1439 3052 1905 3133 obloquentibus
1938 3052 2304 3144 defendere.
2348 3071 2466 3133 qua
2498 3069 2570 3115 re

370 3165 570 3228 differt
613 3180 650 3224 a
681 3156 1096 3240 philosophica
1129 3160 1402 3238 scientia,
1448 3178 1606 3241 quae
1639 3167 1734 3224 est
1774 3157 1935 3223 nulla
1979 3160 2095 3223 nisi
2135 3159 2425 3244 religiosa
2458 3178 2570 3223 ra-

368 3270 626 3334 tionibus
685 3265 940 3329 stabilita
992 3265 1251 3340 (veritas
1308 3267 1468 3329 enim
1520 3284 1641 3330 una
1685 3272 1853 3341 eso:
1910 3265 2024 3329 sed
2080 3266 2362 3345 quamdiu
2413 3265 2568 3330 fides

364 3492 491 3562 178)
522 3490 686 3546 Ponit
717 3510 980 3548 summum
1014 3495 1301 3550 humanum
1339 3499 1537 3551 bonum
1562 3498 1674 3549 sive
1711 3497 2018 3549 beatitatem
2056 3497 2111 3549 in
2146 3501 2317 3567 ψυχῆς
2340 3500 2566 3569 ἐνεργείᾳ

503 3578 612 3638 κατ’
647 3582 838 3655 ὄρει-ὴν
873 3589 927 3639 ἐν
957 3588 1057 3657 βίῳ
1088 3590 1289 3656 τελείῳ.
1338 3589 1465 3643 Eth.
1500 3588 1623 3641 Nic.
1658 3590 1697 3641 1.
1736 3590 1788 3642 6.
1823 3588 1893 3642 cf.
1929 3605 1977 3641 c.
2016 3590 2101 3640 ll.
2169 3589 2563 3642 Adstotelicam

501 3675 695 3729 summi
724 3677 852 3730 boni
879 3680 1150 3733 notionem
1175 3681 1260 3733 Af
1263 3697 1294 3732 z
1309 3680 1489 3733 elius
1516 3679 1765 3747 exposuit
1791 3678 1848 3731 in
1876 3679 2134 3747 peculiari
2168 3678 2562 3746 dissertatione,

504 3784 644 3836 quae
680 3769 879 3834 prodiit
911 3772 1161 3838 Upsaliae
1196 3788 1247 3823 a.
1284 3772 1440 3836 1837,
1477 3769 1534 3822 in
1567 3786 1713 3822 meas
1749 3775 1926 3821 autem
1959 3786 2147 3822 manus
2183 3783 2292 3820 non
2326 3768 2489 3821 venit.

361 3856 487 3927 179)
522 3858 610 3913 ef.
652 3858 813 3911 Petit.
860 3861 971 3913 Vll.
1006 3863 1043 3913 9
1077 3868 1134 3914 et
1176 3864 1263 3916 15.
1307 3864 1440 3914 Met.
1487 3862 1567 3921 A,
1602 3862 1653 3915 7.
1687 3861 1810 3915 Eth.
1854 3861 1973 3914 Nic.
2022 3863 2087 3914 X.
2123 3862 2158 3913 6
2193 3877 2310 3929 sqq.
2379 3858 2559 3912 Verba

501 3965 621 4017 cap.
654 3949 719 4001 6:
767 3945 1106 4017 εὐδαιμονίας
1141 3946 1199 4004 δ’
1252 3947 1424 4010 οὐδεὶς
1470 3947 1787 4021 ἀνδραπόδῳ
1827 3953 2207 4020 μεταδίδωσιν,
2254 3953 2301 4005 εἰ
2344 3945 2423 4019 μὴ
2469 3951 2559 4002 καὶ

501 4041 644 4107 βίον,
676 4038 860 4106 inepta
895 4054 1041 4106 ease,
1077 4041 1179 4093 nisi
1213 4040 1280 4093 iis
1319 4033 1512 4108 σχολῆς
1539 4043 1626 4094 vel
1656 4041 1828 4093 simile
1863 4040 1992 4107 quid
2028 4041 2282 4109 addatur,
2330 4041 2557 4094 Τιθη-

518 4115 1059 4195 delenburgium'
1089 4130 1146 4182 in
1183 4130 1365 4183 schola
1399 4134 1701 4182 monentem
1738 4129 1931 4183 audivi.
